[gd_scene load_steps=81 format=2]

[ext_resource path="res://modo_pelea/escenas/enemigos/fish/fish.gd" type="Script" id=1]
[ext_resource path="res://modo_pelea/sprites/enemigos/fish/idle/fish0000.png" type="Texture" id=2]
[ext_resource path="res://modo_pelea/sprites/enemigos/fish/idle/fish0001.png" type="Texture" id=3]
[ext_resource path="res://modo_pelea/sprites/enemigos/fish/idle/fish0002.png" type="Texture" id=4]
[ext_resource path="res://modo_pelea/sprites/enemigos/fish/walk/fish_walk0000.png" type="Texture" id=5]
[ext_resource path="res://modo_pelea/sprites/enemigos/fish/walk/fish_walk0001.png" type="Texture" id=6]
[ext_resource path="res://modo_pelea/sprites/enemigos/fish/walk/fish_walk0002.png" type="Texture" id=7]
[ext_resource path="res://modo_pelea/sprites/enemigos/fish/walk/fish_walk0003.png" type="Texture" id=8]
[ext_resource path="res://modo_pelea/sprites/enemigos/fish/walk/fish_walk0004.png" type="Texture" id=9]
[ext_resource path="res://modo_pelea/sprites/enemigos/fish/walk/fish_walk0005.png" type="Texture" id=10]
[ext_resource path="res://modo_pelea/sprites/enemigos/fish/walk/fish_walk0006.png" type="Texture" id=11]
[ext_resource path="res://modo_pelea/sprites/enemigos/fish/walk/fish_walk0007.png" type="Texture" id=12]
[ext_resource path="res://modo_pelea/sprites/enemigos/fish/knockback/fish_knocked0003.png" type="Texture" id=13]
[ext_resource path="res://modo_pelea/sprites/enemigos/fish/knockback/fish_knocked0004.png" type="Texture" id=14]
[ext_resource path="res://modo_pelea/sprites/enemigos/fish/knockback/fish_knocked0005.png" type="Texture" id=15]
[ext_resource path="res://modo_pelea/sprites/enemigos/fish/knockback/fish_knocked0006.png" type="Texture" id=16]
[ext_resource path="res://modo_pelea/sprites/enemigos/fish/knockback/fish_knocked0007.png" type="Texture" id=17]
[ext_resource path="res://modo_pelea/sprites/enemigos/fish/knockback/fish_knocked0008.png" type="Texture" id=18]
[ext_resource path="res://modo_pelea/sprites/enemigos/fish/knockback/fish_knocked0009.png" type="Texture" id=19]
[ext_resource path="res://modo_pelea/sprites/enemigos/fish/knockback/fish_knocked0010.png" type="Texture" id=20]
[ext_resource path="res://modo_pelea/sprites/enemigos/fish/hit/fish_knocked0001.png" type="Texture" id=21]
[ext_resource path="res://modo_pelea/sprites/enemigos/fish/hit/fish_knocked0002.png" type="Texture" id=22]
[ext_resource path="res://modo_pelea/sprites/enemigos/fish/hit/fish_knocked0003.png" type="Texture" id=23]
[ext_resource path="res://modo_pelea/sprites/enemigos/fish/attack/fish_attack0000.png" type="Texture" id=24]
[ext_resource path="res://modo_pelea/sprites/enemigos/fish/attack/fish_attack0001.png" type="Texture" id=25]
[ext_resource path="res://modo_pelea/sprites/enemigos/fish/attack/fish_attack0002.png" type="Texture" id=26]
[ext_resource path="res://modo_pelea/sprites/enemigos/fish/attack/fish_attack0003.png" type="Texture" id=27]
[ext_resource path="res://modo_pelea/sprites/enemigos/fish/attack/fish_attack0004.png" type="Texture" id=28]
[ext_resource path="res://modo_pelea/sprites/enemigos/fish/attack/fish_attack0005.png" type="Texture" id=29]
[ext_resource path="res://modo_pelea/sprites/enemigos/fish/attack/fish_attack0006.png" type="Texture" id=30]
[ext_resource path="res://modo_pelea/sprites/enemigos/fish/stand/fish_jump0000.png" type="Texture" id=31]
[ext_resource path="res://modo_pelea/sprites/enemigos/fish/stand/fish_jump0001.png" type="Texture" id=32]
[ext_resource path="res://modo_pelea/sprites/enemigos/fish/stand/fish_jump0002.png" type="Texture" id=33]
[ext_resource path="res://modo_pelea/sprites/enemigos/fish/stand/fish_jump0003.png" type="Texture" id=34]
[ext_resource path="res://modo_pelea/sprites/enemigos/fish/stand/fish_jump0004.png" type="Texture" id=35]
[ext_resource path="res://modo_pelea/sprites/enemigos/fish/stand/fish_jump0005.png" type="Texture" id=36]
[ext_resource path="res://modo_pelea/sprites/enemigos/fish/stand/fish_jump0006.png" type="Texture" id=37]
[ext_resource path="res://modo_pelea/sprites/enemigos/fish/stand/fish_jump0007.png" type="Texture" id=38]
[ext_resource path="res://modo_pelea/sprites/enemigos/fish/stand/fish_jump0008.png" type="Texture" id=39]
[ext_resource path="res://modo_pelea/sprites/enemigos/fish/stand/fish_jump0009.png" type="Texture" id=40]
[ext_resource path="res://modo_pelea/sprites/enemigos/fish/attack2/fish0003.png" type="Texture" id=41]
[ext_resource path="res://modo_pelea/sprites/enemigos/fish/attack2/fish0004.png" type="Texture" id=42]
[ext_resource path="res://modo_pelea/sprites/enemigos/fish/attack2/fish0005.png" type="Texture" id=43]
[ext_resource path="res://modo_pelea/sprites/enemigos/fish/attack2/fish0006.png" type="Texture" id=44]
[ext_resource path="res://modo_pelea/escenas/enemigos/fish/attack.gd" type="Script" id=45]
[ext_resource path="res://addons/godot-behavior-tree-plugin/blackboard.gd" type="Script" id=46]
[ext_resource path="res://addons/godot-behavior-tree-plugin/blackboard_icon.png" type="Texture" id=47]
[ext_resource path="res://addons/godot-behavior-tree-plugin/behavior_tree.gd" type="Script" id=48]
[ext_resource path="res://addons/godot-behavior-tree-plugin/root_icon.png" type="Texture" id=49]
[ext_resource path="res://addons/godot-behavior-tree-plugin/selector.gd" type="Script" id=50]
[ext_resource path="res://addons/godot-behavior-tree-plugin/selector_icon.png" type="Texture" id=51]
[ext_resource path="res://addons/godot-behavior-tree-plugin/sequence.gd" type="Script" id=52]
[ext_resource path="res://addons/godot-behavior-tree-plugin/sequence_icon.png" type="Texture" id=53]
[ext_resource path="res://modo_pelea/escenas/enemigos/fish/ai/isAttackState.gd" type="Script" id=54]
[ext_resource path="res://addons/godot-behavior-tree-plugin/condition_icon.png" type="Texture" id=55]
[ext_resource path="res://modo_pelea/escenas/enemigos/fish/ai/isPlayerInRange.gd" type="Script" id=56]
[ext_resource path="res://addons/godot-behavior-tree-plugin/inverter.gd" type="Script" id=57]
[ext_resource path="res://addons/godot-behavior-tree-plugin/inverter_icon.png" type="Texture" id=58]
[ext_resource path="res://modo_pelea/escenas/enemigos/fish/ai/isOnTarget.gd" type="Script" id=59]
[ext_resource path="res://modo_pelea/escenas/enemigos/fish/ai/findTarget.gd" type="Script" id=60]
[ext_resource path="res://addons/godot-behavior-tree-plugin/action_icon.png" type="Texture" id=61]
[ext_resource path="res://modo_pelea/escenas/enemigos/fish/ai/Move.gd" type="Script" id=62]
[ext_resource path="res://modo_pelea/escenas/enemigos/fish/ai/canAttack.gd" type="Script" id=63]
[ext_resource path="res://modo_pelea/escenas/enemigos/fish/ai/setMirroring.gd" type="Script" id=64]
[ext_resource path="res://modo_pelea/escenas/enemigos/fish/ai/attackAction.gd" type="Script" id=65]
[ext_resource path="res://modo_pelea/escenas/enemigos/fish/ai/changeState.gd" type="Script" id=66]
[ext_resource path="res://modo_pelea/escenas/enemigos/fish/ai/isRandomMoveState.gd" type="Script" id=67]
[ext_resource path="res://addons/godot-behavior-tree-plugin/wait.gd" type="Script" id=68]
[ext_resource path="res://modo_pelea/escenas/enemigos/fish/ai/findRandomTarget.gd" type="Script" id=69]

[sub_resource type="RectangleShape2D" id=1]

custom_solver_bias = 0.0
extents = Vector2( 22.3514, 20.5121 )

[sub_resource type="SpriteFrames" id=2]

animations = [ {
"frames": [ ExtResource( 2 ), ExtResource( 3 ), ExtResource( 4 ) ],
"loop": true,
"name": "idle",
"speed": 5.0
}, {
"frames": [ ExtResource( 5 ), ExtResource( 6 ), ExtResource( 7 ), ExtResource( 8 ), ExtResource( 9 ), ExtResource( 10 ), ExtResource( 11 ), ExtResource( 12 ) ],
"loop": true,
"name": "move",
"speed": 5.0
}, {
"frames": [ ExtResource( 13 ), ExtResource( 14 ), ExtResource( 15 ), ExtResource( 16 ), ExtResource( 17 ), ExtResource( 18 ), ExtResource( 19 ), ExtResource( 20 ) ],
"loop": true,
"name": "knockback",
"speed": 5.0
}, {
"frames": [ ExtResource( 21 ), ExtResource( 22 ), ExtResource( 23 ) ],
"loop": true,
"name": "hit",
"speed": 5.0
}, {
"frames": [ ExtResource( 24 ), ExtResource( 25 ), ExtResource( 26 ), ExtResource( 27 ), ExtResource( 28 ), ExtResource( 29 ), ExtResource( 30 ) ],
"loop": true,
"name": "attack",
"speed": 5.0
}, {
"frames": [ ExtResource( 31 ), ExtResource( 32 ), ExtResource( 33 ), ExtResource( 34 ), ExtResource( 35 ), ExtResource( 36 ), ExtResource( 37 ), ExtResource( 38 ), ExtResource( 39 ), ExtResource( 40 ) ],
"loop": true,
"name": "stand",
"speed": 5.0
}, {
"frames": [ ExtResource( 41 ), ExtResource( 42 ), ExtResource( 43 ), ExtResource( 44 ) ],
"loop": true,
"name": "attack2",
"speed": 5.0
} ]

[sub_resource type="Animation" id=3]

resource_name = "attack"
length = 1.0
loop = false
step = 0.1
tracks/0/type = "value"
tracks/0/path = NodePath(".:animation")
tracks/0/interp = 1
tracks/0/loop_wrap = true
tracks/0/imported = false
tracks/0/enabled = true
tracks/0/keys = {
"times": PoolRealArray( 0 ),
"transitions": PoolRealArray( 1 ),
"update": 1,
"values": [ "attack" ]
}
tracks/1/type = "value"
tracks/1/path = NodePath(".:frame")
tracks/1/interp = 1
tracks/1/loop_wrap = true
tracks/1/imported = false
tracks/1/enabled = true
tracks/1/keys = {
"times": PoolRealArray( 0, 0.1, 0.2, 0.3, 0.4, 0.5, 0.6 ),
"transitions": PoolRealArray( 1, 1, 1, 1, 1, 1, 1 ),
"update": 1,
"values": [ 0, 1, 2, 3, 4, 5, 6 ]
}
tracks/2/type = "method"
tracks/2/path = NodePath("../..")
tracks/2/interp = 1
tracks/2/loop_wrap = true
tracks/2/imported = false
tracks/2/enabled = true
tracks/2/keys = {
"times": PoolRealArray( 0.3 ),
"transitions": PoolRealArray( 1 ),
"values": [ {
"args": [ 1 ],
"method": "attack"
} ]
}

[sub_resource type="Animation" id=4]

resource_name = "attack2"
length = 1.0
loop = false
step = 0.1
tracks/0/type = "value"
tracks/0/path = NodePath(".:animation")
tracks/0/interp = 1
tracks/0/loop_wrap = true
tracks/0/imported = false
tracks/0/enabled = true
tracks/0/keys = {
"times": PoolRealArray( 0 ),
"transitions": PoolRealArray( 1 ),
"update": 1,
"values": [ "attack2" ]
}
tracks/1/type = "value"
tracks/1/path = NodePath(".:frame")
tracks/1/interp = 1
tracks/1/loop_wrap = true
tracks/1/imported = false
tracks/1/enabled = true
tracks/1/keys = {
"times": PoolRealArray( 0, 0.3, 0.5, 0.7 ),
"transitions": PoolRealArray( 1, 1, 1, 1 ),
"update": 1,
"values": [ 0, 1, 2, 3 ]
}
tracks/2/type = "method"
tracks/2/path = NodePath("../..")
tracks/2/interp = 1
tracks/2/loop_wrap = true
tracks/2/imported = false
tracks/2/enabled = true
tracks/2/keys = {
"times": PoolRealArray( 0.5 ),
"transitions": PoolRealArray( 1 ),
"values": [ {
"args": [ 2 ],
"method": "attack"
} ]
}

[sub_resource type="Animation" id=5]

resource_name = "death"
length = 1.0
loop = false
step = 0.1
tracks/0/type = "value"
tracks/0/path = NodePath(".:animation")
tracks/0/interp = 1
tracks/0/loop_wrap = true
tracks/0/imported = false
tracks/0/enabled = true
tracks/0/keys = {
"times": PoolRealArray( 0 ),
"transitions": PoolRealArray( 1 ),
"update": 1,
"values": [ "knockback" ]
}
tracks/1/type = "value"
tracks/1/path = NodePath(".:frame")
tracks/1/interp = 1
tracks/1/loop_wrap = true
tracks/1/imported = false
tracks/1/enabled = true
tracks/1/keys = {
"times": PoolRealArray( 0 ),
"transitions": PoolRealArray( 1 ),
"update": 1,
"values": [ 2 ]
}
tracks/2/type = "value"
tracks/2/path = NodePath(".:visible")
tracks/2/interp = 1
tracks/2/loop_wrap = true
tracks/2/imported = false
tracks/2/enabled = true
tracks/2/keys = {
"times": PoolRealArray( 0, 0.2, 0.4, 0.6, 0.8, 1 ),
"transitions": PoolRealArray( 1, 1, 1, 1, 1, 1 ),
"update": 1,
"values": [ true, false, true, false, true, false ]
}
tracks/3/type = "method"
tracks/3/path = NodePath("../..")
tracks/3/interp = 1
tracks/3/loop_wrap = true
tracks/3/imported = false
tracks/3/enabled = true
tracks/3/keys = {
"times": PoolRealArray( 1 ),
"transitions": PoolRealArray( 1 ),
"values": [ {
"args": [  ],
"method": "death"
} ]
}

[sub_resource type="Animation" id=6]

resource_name = "hit"
length = 0.5
loop = false
step = 0.1
tracks/0/type = "value"
tracks/0/path = NodePath(".:animation")
tracks/0/interp = 1
tracks/0/loop_wrap = true
tracks/0/imported = false
tracks/0/enabled = true
tracks/0/keys = {
"times": PoolRealArray( 0 ),
"transitions": PoolRealArray( 1 ),
"update": 1,
"values": [ "knockback" ]
}
tracks/1/type = "value"
tracks/1/path = NodePath(".:frame")
tracks/1/interp = 1
tracks/1/loop_wrap = true
tracks/1/imported = false
tracks/1/enabled = true
tracks/1/keys = {
"times": PoolRealArray( 0 ),
"transitions": PoolRealArray( 1 ),
"update": 1,
"values": [ 0 ]
}
tracks/2/type = "method"
tracks/2/path = NodePath("../..")
tracks/2/interp = 1
tracks/2/loop_wrap = true
tracks/2/imported = false
tracks/2/enabled = true
tracks/2/keys = {
"times": PoolRealArray( 0.5 ),
"transitions": PoolRealArray( 1 ),
"values": [ {
"args": [  ],
"method": "stop_hit"
} ]
}

[sub_resource type="Animation" id=7]

length = 1.0
loop = true
step = 0.1
tracks/0/type = "value"
tracks/0/path = NodePath(".:animation")
tracks/0/interp = 1
tracks/0/loop_wrap = true
tracks/0/imported = false
tracks/0/enabled = true
tracks/0/keys = {
"times": PoolRealArray( 0 ),
"transitions": PoolRealArray( 1 ),
"update": 1,
"values": [ "idle" ]
}
tracks/1/type = "value"
tracks/1/path = NodePath(".:frame")
tracks/1/interp = 1
tracks/1/loop_wrap = true
tracks/1/imported = false
tracks/1/enabled = true
tracks/1/keys = {
"times": PoolRealArray( 0, 0.2, 0.5, 0.8 ),
"transitions": PoolRealArray( 1, 1, 1, 1 ),
"update": 1,
"values": [ 0, 1, 2, 1 ]
}

[sub_resource type="Animation" id=8]

length = 1.0
loop = false
step = 0.1
tracks/0/type = "value"
tracks/0/path = NodePath(".:animation")
tracks/0/interp = 1
tracks/0/loop_wrap = true
tracks/0/imported = false
tracks/0/enabled = true
tracks/0/keys = {
"times": PoolRealArray( 0 ),
"transitions": PoolRealArray( 1 ),
"update": 1,
"values": [ "knockback" ]
}
tracks/1/type = "value"
tracks/1/path = NodePath(".:frame")
tracks/1/interp = 1
tracks/1/loop_wrap = true
tracks/1/imported = false
tracks/1/enabled = true
tracks/1/keys = {
"times": PoolRealArray( 0 ),
"transitions": PoolRealArray( 1 ),
"update": 1,
"values": [ 1 ]
}

[sub_resource type="Animation" id=9]

resource_name = "move"
length = 0.7
loop = true
step = 0.1
tracks/0/type = "value"
tracks/0/path = NodePath(".:animation")
tracks/0/interp = 1
tracks/0/loop_wrap = true
tracks/0/imported = false
tracks/0/enabled = true
tracks/0/keys = {
"times": PoolRealArray( 0 ),
"transitions": PoolRealArray( 1 ),
"update": 1,
"values": [ "move" ]
}
tracks/1/type = "value"
tracks/1/path = NodePath(".:frame")
tracks/1/interp = 1
tracks/1/loop_wrap = true
tracks/1/imported = false
tracks/1/enabled = true
tracks/1/keys = {
"times": PoolRealArray( 0, 0.1, 0.2, 0.3, 0.4, 0.5, 0.6, 0.7 ),
"transitions": PoolRealArray( 1, 1, 1, 1, 1, 1, 1, 1 ),
"update": 1,
"values": [ 0, 1, 2, 3, 4, 5, 6, 7 ]
}

[sub_resource type="Animation" id=10]

length = 2.2
loop = false
step = 0.05
tracks/0/type = "value"
tracks/0/path = NodePath(".:frame")
tracks/0/interp = 1
tracks/0/loop_wrap = true
tracks/0/imported = false
tracks/0/enabled = true
tracks/0/keys = {
"times": PoolRealArray( 0, 0.1, 0.2, 0.3, 0.4, 0.5, 0.7, 0.8, 0.9, 1, 1.1, 1.2, 1.4, 1.45, 1.55, 1.65, 1.75, 1.85, 1.95, 2.05, 2.1, 2.15 ),
"transitions": PoolRealArray( 1, 1, 1, 1, 1, 1, 1, 1, 1, 1, 1, 1, 1, 1, 1, 1, 1, 1, 1, 1, 1, 1 ),
"update": 1,
"values": [ 2, 3, 4, 5, 6, 7, 3, 4, 5, 6, 7, 7, 0, 1, 2, 3, 4, 5, 6, 7, 8, 9 ]
}
tracks/1/type = "value"
tracks/1/path = NodePath(".:animation")
tracks/1/interp = 1
tracks/1/loop_wrap = true
tracks/1/imported = false
tracks/1/enabled = true
tracks/1/keys = {
"times": PoolRealArray( 0, 1.4 ),
"transitions": PoolRealArray( 1, 1 ),
"update": 1,
"values": [ "knockback", "stand" ]
}
tracks/2/type = "method"
tracks/2/path = NodePath("../..")
tracks/2/interp = 1
tracks/2/loop_wrap = true
tracks/2/imported = false
tracks/2/enabled = true
tracks/2/keys = {
"times": PoolRealArray( 2.15 ),
"transitions": PoolRealArray( 1 ),
"values": [ {
"args": [  ],
"method": "activate"
} ]
}

[sub_resource type="RectangleShape2D" id=11]

custom_solver_bias = 0.0
extents = Vector2( 22.1741, 6.67237 )

[node name="fish" type="KinematicBody2D" groups=[
"basic_enemy",
"sortable",
]]

scale = Vector2( 1.3, 1.3 )
input_pickable = false
collision_layer = 4
collision_mask = 1024
collision/safe_margin = 0.08
script = ExtResource( 1 )
_sections_unfolded = [ "Transform", "Visibility" ]

[node name="CollisionShape2D" type="CollisionShape2D" parent="." index="0"]

shape = SubResource( 1 )

[node name="container" type="Node2D" parent="." index="1"]

[node name="AnimatedSprite" type="AnimatedSprite" parent="container" index="0"]

frames = SubResource( 2 )
animation = "move"
frame = 6
flip_h = true
_sections_unfolded = [ "Visibility" ]

[node name="EnemyAnim" type="AnimationPlayer" parent="container/AnimatedSprite" index="0"]

root_node = NodePath("..")
autoplay = ""
playback_process_mode = 1
playback_default_blend_time = 0.0
playback_speed = 1.0
anims/attack = SubResource( 3 )
anims/attack2 = SubResource( 4 )
anims/death = SubResource( 5 )
anims/hit = SubResource( 6 )
anims/idle = SubResource( 7 )
anims/knockback = SubResource( 8 )
anims/move = SubResource( 9 )
anims/stand = SubResource( 10 )
blend_times = [  ]

[node name="hitboxes" type="Node2D" parent="container" index="1"]

[node name="attack" type="Area2D" parent="container/hitboxes" index="0"]

input_pickable = true
gravity_vec = Vector2( 0, 1 )
gravity = 98.0
linear_damp = 0.1
angular_damp = 1.0
monitoring = false
monitorable = false
audio_bus_override = false
audio_bus_name = "Master"
script = ExtResource( 45 )

[node name="CollisionShape2D" type="CollisionShape2D" parent="container/hitboxes/attack" index="0"]

position = Vector2( 31.5384, -10 )
shape = SubResource( 11 )

[node name="Timer" type="Timer" parent="container/hitboxes/attack" index="1"]

process_mode = 1
wait_time = 0.1
one_shot = false
autostart = false

[node name="BehaviorBlackboard" type="Node" parent="." index="2"]

script = ExtResource( 46 )
__meta__ = {
"_editor_icon": ExtResource( 47 )
}

[node name="BehaviorTree" type="Node" parent="." index="3"]

script = ExtResource( 48 )
__meta__ = {
"_editor_icon": ExtResource( 49 )
}

[node name="BehaviorSelector" type="Node" parent="BehaviorTree" index="0"]

script = ExtResource( 50 )
__meta__ = {
"_editor_icon": ExtResource( 51 )
}

[node name="attackState" type="Node" parent="BehaviorTree/BehaviorSelector" index="0"]

editor/display_folded = true
script = ExtResource( 52 )
__meta__ = {
"_editor_icon": ExtResource( 53 )
}

[node name="isAttackState" type="Node" parent="BehaviorTree/BehaviorSelector/attackState" index="0"]

script = ExtResource( 54 )
__meta__ = {
"_editor_icon": ExtResource( 55 )
}

[node name="BehaviorSelector" type="Node" parent="BehaviorTree/BehaviorSelector/attackState" index="1"]

editor/display_folded = true
script = ExtResource( 50 )
__meta__ = {
"_editor_icon": ExtResource( 51 )
}

[node name="move" type="Node" parent="BehaviorTree/BehaviorSelector/attackState/BehaviorSelector" index="0"]

script = ExtResource( 52 )
__meta__ = {
"_editor_icon": ExtResource( 53 )
}

[node name="BehaviorSelector" type="Node" parent="BehaviorTree/BehaviorSelector/attackState/BehaviorSelector/move" index="0"]

editor/display_folded = true
script = ExtResource( 50 )
__meta__ = {
"_editor_icon": ExtResource( 51 )
}

[node name="isPlayerInRange" type="Node" parent="BehaviorTree/BehaviorSelector/attackState/BehaviorSelector/move/BehaviorSelector" index="0"]

script = ExtResource( 56 )
__meta__ = {
"_editor_icon": ExtResource( 55 )
}

[node name="BehaviorInverter" type="Node" parent="BehaviorTree/BehaviorSelector/attackState/BehaviorSelector/move/BehaviorSelector" index="1"]

script = ExtResource( 57 )
__meta__ = {
"_editor_icon": ExtResource( 58 )
}

[node name="isOnTarget" type="Node" parent="BehaviorTree/BehaviorSelector/attackState/BehaviorSelector/move/BehaviorSelector/BehaviorInverter" index="0"]

script = ExtResource( 59 )
__meta__ = {
"_editor_icon": ExtResource( 55 )
}

[node name="findTarget" type="Node" parent="BehaviorTree/BehaviorSelector/attackState/BehaviorSelector/move/BehaviorSelector" index="2"]

script = ExtResource( 60 )
__meta__ = {
"_editor_icon": ExtResource( 61 )
}

[node name="BehaviorSequence" type="Node" parent="BehaviorTree/BehaviorSelector/attackState/BehaviorSelector/move" index="1"]

editor/display_folded = true
script = ExtResource( 52 )
__meta__ = {
"_editor_icon": ExtResource( 53 )
}

[node name="BehaviorInverter" type="Node" parent="BehaviorTree/BehaviorSelector/attackState/BehaviorSelector/move/BehaviorSequence" index="0"]

editor/display_folded = true
script = ExtResource( 57 )
__meta__ = {
"_editor_icon": ExtResource( 58 )
}

[node name="isOnTarget" type="Node" parent="BehaviorTree/BehaviorSelector/attackState/BehaviorSelector/move/BehaviorSequence/BehaviorInverter" index="0"]

script = ExtResource( 59 )
__meta__ = {
"_editor_icon": ExtResource( 55 )
}

[node name="moveAction" type="Node" parent="BehaviorTree/BehaviorSelector/attackState/BehaviorSelector/move/BehaviorSequence" index="1"]

script = ExtResource( 62 )
__meta__ = {
"_editor_icon": ExtResource( 61 )
}

[node name="attack" type="Node" parent="BehaviorTree/BehaviorSelector/attackState/BehaviorSelector" index="1"]

editor/display_folded = true
script = ExtResource( 52 )
__meta__ = {
"_editor_icon": ExtResource( 53 )
}

[node name="isPlayerInRange" type="Node" parent="BehaviorTree/BehaviorSelector/attackState/BehaviorSelector/attack" index="0"]

script = ExtResource( 56 )
__meta__ = {
"_editor_icon": ExtResource( 55 )
}

[node name="canAttack" type="Node" parent="BehaviorTree/BehaviorSelector/attackState/BehaviorSelector/attack" index="1"]

script = ExtResource( 63 )
__meta__ = {
"_editor_icon": ExtResource( 55 )
}

[node name="setMirroring" type="Node" parent="BehaviorTree/BehaviorSelector/attackState/BehaviorSelector/attack" index="2"]

script = ExtResource( 64 )
__meta__ = {
"_editor_icon": ExtResource( 61 )
}

[node name="attackAction" type="Node" parent="BehaviorTree/BehaviorSelector/attackState/BehaviorSelector/attack" index="3"]

script = ExtResource( 65 )
__meta__ = {
"_editor_icon": ExtResource( 61 )
}

[node name="changeState" type="Node" parent="BehaviorTree/BehaviorSelector/attackState/BehaviorSelector/attack" index="4"]

script = ExtResource( 66 )
_sections_unfolded = [ "Pause" ]
__meta__ = {
"_editor_icon": ExtResource( 55 )
}

[node name="randomMoveState" type="Node" parent="BehaviorTree/BehaviorSelector" index="1"]

editor/display_folded = true
script = ExtResource( 52 )
__meta__ = {
"_editor_icon": ExtResource( 53 )
}

[node name="randomMove" type="Node" parent="BehaviorTree/BehaviorSelector/randomMoveState" index="0"]

script = ExtResource( 52 )
__meta__ = {
"_editor_icon": ExtResource( 53 )
}

[node name="isRandomMoveState" type="Node" parent="BehaviorTree/BehaviorSelector/randomMoveState/randomMove" index="0"]

script = ExtResource( 67 )
__meta__ = {
"_editor_icon": ExtResource( 55 )
}

[node name="BehaviorSelector" type="Node" parent="BehaviorTree/BehaviorSelector/randomMoveState/randomMove" index="1"]

script = ExtResource( 50 )
__meta__ = {
"_editor_icon": ExtResource( 51 )
}

[node name="BehaviorInverter" type="Node" parent="BehaviorTree/BehaviorSelector/randomMoveState/randomMove/BehaviorSelector" index="0"]

editor/display_folded = true
script = ExtResource( 57 )
__meta__ = {
"_editor_icon": ExtResource( 58 )
}

[node name="isOnTarget" type="Node" parent="BehaviorTree/BehaviorSelector/randomMoveState/randomMove/BehaviorSelector/BehaviorInverter" index="0"]

script = ExtResource( 59 )
__meta__ = {
"_editor_icon": ExtResource( 55 )
}

[node name="BehaviorSequence" type="Node" parent="BehaviorTree/BehaviorSelector/randomMoveState/randomMove/BehaviorSelector" index="1"]

editor/display_folded = true
script = ExtResource( 52 )
__meta__ = {
"_editor_icon": ExtResource( 53 )
}

[node name="BehaviorWait" type="Node" parent="BehaviorTree/BehaviorSelector/randomMoveState/randomMove/BehaviorSelector/BehaviorSequence" index="0"]

script = ExtResource( 68 )
__meta__ = {
"_editor_icon": ExtResource( 61 )
}
wait_time = 1.0

[node name="changeState" type="Node" parent="BehaviorTree/BehaviorSelector/randomMoveState/randomMove/BehaviorSelector/BehaviorSequence" index="1"]

script = ExtResource( 66 )
__meta__ = {
"_editor_icon": ExtResource( 55 )
}

[node name="findRandomTarget" type="Node" parent="BehaviorTree/BehaviorSelector/randomMoveState/randomMove/BehaviorSelector/BehaviorSequence" index="2"]

script = ExtResource( 69 )
__meta__ = {
"_editor_icon": ExtResource( 61 )
}

[node name="moveAction" type="Node" parent="BehaviorTree/BehaviorSelector/randomMoveState/randomMove" index="2"]

script = ExtResource( 62 )
_sections_unfolded = [ "Pause" ]
__meta__ = {
"_editor_icon": ExtResource( 61 )
}

[connection signal="body_entered" from="container/hitboxes/attack" to="container/hitboxes/attack" method="_on_attack_body_entered"]

[connection signal="timeout" from="container/hitboxes/attack/Timer" to="container/hitboxes/attack" method="_on_Timer_timeout"]


