[gd_scene load_steps=15 format=2]

[ext_resource path="res://modo_normal/escenas/niveles/nivel_test/nivel_test.gd" type="Script" id=1]
[ext_resource path="res://global/gui/escenas/CanvasLayer.tscn" type="PackedScene" id=2]
[ext_resource path="res://modo_normal/escenas/player/Player.tscn" type="PackedScene" id=3]
[ext_resource path="res://modo_normal/escenas/raices/Raices.tscn" type="PackedScene" id=4]
[ext_resource path="res://modo_normal/sprites/ambient/underground/level_2_1_pre.png" type="Texture" id=5]
[ext_resource path="res://modo_normal/sprites/ambient/underground/back_underground2.png" type="Texture" id=6]
[ext_resource path="res://modo_normal/sprites/ambient/bigtree/log.png" type="Texture" id=7]
[ext_resource path="res://modo_normal/escenas/enemigos/conejo/bunny_side.tscn" type="PackedScene" id=8]
[ext_resource path="res://modo_normal/escenas/coins/coin.tscn" type="PackedScene" id=9]

[sub_resource type="RectangleShape2D" id=1]

custom_solver_bias = 0.0
extents = Vector2( 31.1295, 30.3744 )

[sub_resource type="RectangleShape2D" id=2]

custom_solver_bias = 0.0
extents = Vector2( 32.2872, 34.2242 )

[sub_resource type="RectangleShape2D" id=3]

custom_solver_bias = 0.0
extents = Vector2( 28.9975, 31.9442 )

[sub_resource type="RectangleShape2D" id=4]

custom_solver_bias = 0.0
extents = Vector2( 28.6584, 28.0388 )

[sub_resource type="RectangleShape2D" id=5]

custom_solver_bias = 0.0
extents = Vector2( 26.3779, 957.037 )

[node name="World" type="Node2D"]

script = ExtResource( 1 )
_sections_unfolded = [ "Transform" ]
__meta__ = {
"_edit_lock_": true
}
bg = 2

[node name="CanvasLayer" parent="." index="0" instance=ExtResource( 2 )]

[node name="Player" parent="." index="1" instance=ExtResource( 3 )]

editor/display_folded = true
position = Vector2( -58.5896, 1316.96 )
collision_layer = 2

[node name="Camera2D" type="Camera2D" parent="Player" index="3"]

anchor_mode = 1
rotating = false
current = true
zoom = Vector2( 0.8, 0.8 )
limit_left = -50
limit_top = -50
limit_right = 2200
limit_bottom = 1500
limit_smoothed = true
drag_margin_h_enabled = true
drag_margin_v_enabled = true
smoothing_enabled = false
smoothing_speed = 5.0
offset_v = 0.0
offset_h = 0.0
drag_margin_left = 0.2
drag_margin_top = 0.2
drag_margin_right = 0.2
drag_margin_bottom = 0.2
editor_draw_screen = true
editor_draw_limits = false
editor_draw_drag_margin = false
_sections_unfolded = [ "Limit" ]
__meta__ = {
"_edit_lock_": true
}

[node name="colisiones" type="Node2D" parent="." index="2"]

editor/display_folded = true
position = Vector2( 0, 966.681 )

[node name="StaticBody2D" type="StaticBody2D" parent="colisiones" index="0"]

editor/display_folded = true
position = Vector2( 28.0514, 472.226 )
scale = Vector2( 8.76706, 3.07785 )
input_pickable = false
collision_layer = 1025
collision_mask = 1
constant_linear_velocity = Vector2( 0, 0 )
constant_angular_velocity = 0.0
friction = 1.0
bounce = 0.0

[node name="CollisionShape2D" type="CollisionShape2D" parent="colisiones/StaticBody2D" index="0"]

shape = SubResource( 1 )

[node name="StaticBody2D2" type="StaticBody2D" parent="colisiones" index="1"]

editor/display_folded = true
position = Vector2( 608.658, 333.517 )
scale = Vector2( 5.99704, 1 )
input_pickable = false
collision_layer = 1025
collision_mask = 1
constant_linear_velocity = Vector2( 0, 0 )
constant_angular_velocity = 0.0
friction = 1.0
bounce = 0.0

[node name="CollisionShape2D" type="CollisionShape2D" parent="colisiones/StaticBody2D2" index="0"]

shape = SubResource( 1 )

[node name="StaticBody2D3" type="StaticBody2D" parent="colisiones" index="2"]

editor/display_folded = true
position = Vector2( 1087.33, 227.146 )
scale = Vector2( 5.99704, 1 )
input_pickable = false
collision_layer = 1025
collision_mask = 1
constant_linear_velocity = Vector2( 0, 0 )
constant_angular_velocity = 0.0
friction = 1.0
bounce = 0.0

[node name="CollisionShape2D" type="CollisionShape2D" parent="colisiones/StaticBody2D3" index="0"]

shape = SubResource( 1 )

[node name="StaticBody2D4" type="StaticBody2D" parent="colisiones" index="3"]

editor/display_folded = true
position = Vector2( 1546.25, 182.135 )
scale = Vector2( 5.99704, 1.87293 )
input_pickable = false
collision_layer = 1025
collision_mask = 1
constant_linear_velocity = Vector2( 0, 0 )
constant_angular_velocity = 0.0
friction = 1.0
bounce = 0.0

[node name="CollisionShape2D" type="CollisionShape2D" parent="colisiones/StaticBody2D4" index="0"]

shape = SubResource( 1 )

[node name="StaticBody2D5" type="StaticBody2D" parent="colisiones" index="4"]

editor/display_folded = true
position = Vector2( 1080.48, 70.2393 )
scale = Vector2( 5.99704, 2.99668 )
input_pickable = false
collision_layer = 1025
collision_mask = 1
constant_linear_velocity = Vector2( 0, 0 )
constant_angular_velocity = 0.0
friction = 1.0
bounce = 0.0

[node name="CollisionShape2D" type="CollisionShape2D" parent="colisiones/StaticBody2D5" index="0"]

position = Vector2( -1.52588e-005, -5.16013 )
scale = Vector2( 1, 0.468706 )
shape = SubResource( 1 )

[node name="StaticBody2D6" type="StaticBody2D" parent="colisiones" index="5"]

editor/display_folded = true
position = Vector2( 566.761, -63.3273 )
scale = Vector2( 5.99704, 2.99668 )
input_pickable = false
collision_layer = 1025
collision_mask = 1
constant_linear_velocity = Vector2( 0, 0 )
constant_angular_velocity = 0.0
friction = 1.0
bounce = 0.0
_sections_unfolded = [ "Collision" ]

[node name="CollisionShape2D" type="CollisionShape2D" parent="colisiones/StaticBody2D6" index="0"]

position = Vector2( -0.571104, -0.885971 )
scale = Vector2( 1, 0.596772 )
shape = SubResource( 1 )

[node name="StaticBody2D14" type="StaticBody2D" parent="colisiones" index="6"]

editor/display_folded = true
position = Vector2( -45.7159, -374.036 )
scale = Vector2( 0.442061, 12.5751 )
input_pickable = false
collision_layer = 1025
collision_mask = 1
constant_linear_velocity = Vector2( 0, 0 )
constant_angular_velocity = 0.0
friction = 1.0
bounce = 0.0
_sections_unfolded = [ "Collision" ]

[node name="CollisionShape2D" type="CollisionShape2D" parent="colisiones/StaticBody2D14" index="0"]

position = Vector2( -0.571104, -0.885971 )
scale = Vector2( 1, 0.596772 )
shape = SubResource( 1 )

[node name="StaticBody2D7" type="StaticBody2D" parent="colisiones" index="7"]

editor/display_folded = true
position = Vector2( 1057.42, -171.227 )
scale = Vector2( 7.63101, 1.12436 )
input_pickable = false
collision_layer = 1025
collision_mask = 1
constant_linear_velocity = Vector2( 0, 0 )
constant_angular_velocity = 0.0
friction = 1.0
bounce = 0.0

[node name="CollisionShape2D" type="CollisionShape2D" parent="colisiones/StaticBody2D7" index="0"]

position = Vector2( 1.34642, 3.04584 )
shape = SubResource( 1 )

[node name="StaticBody2D8" type="StaticBody2D" parent="colisiones" index="8"]

editor/display_folded = true
position = Vector2( 1526.61, -211.189 )
scale = Vector2( 7.63101, 2.58721 )
input_pickable = false
collision_layer = 1025
collision_mask = 1
constant_linear_velocity = Vector2( 0, 0 )
constant_angular_velocity = 0.0
friction = 1.0
bounce = 0.0

[node name="CollisionShape2D" type="CollisionShape2D" parent="colisiones/StaticBody2D8" index="0"]

position = Vector2( 1.79509, 0.168869 )
shape = SubResource( 1 )

[node name="StaticBody2D9" type="StaticBody2D" parent="colisiones" index="9"]

editor/display_folded = true
position = Vector2( 760.497, -362.763 )
scale = Vector2( 13.3781, 1.46994 )
input_pickable = false
collision_layer = 1025
collision_mask = 1
constant_linear_velocity = Vector2( 0, 0 )
constant_angular_velocity = 0.0
friction = 1.0
bounce = 0.0

[node name="CollisionShape2D" type="CollisionShape2D" parent="colisiones/StaticBody2D9" index="0"]

position = Vector2( 0, -2.26039 )
shape = SubResource( 1 )
__meta__ = {
"_edit_lock_": true
}

[node name="StaticBody2D10" type="StaticBody2D" parent="colisiones" index="10"]

editor/display_folded = true
position = Vector2( 1647.67, -510.032 )
scale = Vector2( 13.8111, 0.802683 )
input_pickable = false
collision_layer = 1025
collision_mask = 1
constant_linear_velocity = Vector2( 0, 0 )
constant_angular_velocity = 0.0
friction = 1.0
bounce = 0.0

[node name="CollisionShape2D" type="CollisionShape2D" parent="colisiones/StaticBody2D10" index="0"]

position = Vector2( 0, -2.26038 )
shape = SubResource( 1 )
__meta__ = {
"_edit_lock_": true
}

[node name="StaticBody2D11" type="StaticBody2D" parent="colisiones" index="11"]

editor/display_folded = true
position = Vector2( 1990.72, 99.9641 )
scale = Vector2( 9.38952, 19.0755 )
input_pickable = false
collision_layer = 1025
collision_mask = 1
constant_linear_velocity = Vector2( 0, 0 )
constant_angular_velocity = 0.0
friction = 1.0
bounce = 0.0

[node name="CollisionShape2D" type="CollisionShape2D" parent="colisiones/StaticBody2D11" index="0"]

position = Vector2( 0, -2.26038 )
shape = SubResource( 1 )
__meta__ = {
"_edit_lock_": true
}

[node name="StaticBody2D12" type="StaticBody2D" parent="colisiones" index="12"]

editor/display_folded = true
position = Vector2( 798.152, -920.341 )
scale = Vector2( 32.3151, 7.50026 )
input_pickable = false
collision_layer = 1025
collision_mask = 1
constant_linear_velocity = Vector2( 0, 0 )
constant_angular_velocity = 0.0
friction = 1.0
bounce = 0.0

[node name="CollisionShape2D" type="CollisionShape2D" parent="colisiones/StaticBody2D12" index="0"]

position = Vector2( 0, -2.26038 )
shape = SubResource( 1 )
__meta__ = {
"_edit_lock_": true
}

[node name="StaticBody2D13" type="StaticBody2D" parent="colisiones" index="13"]

editor/display_folded = true
position = Vector2( 2182.85, -815.292 )
scale = Vector2( 3.42143, 10.7574 )
input_pickable = false
collision_layer = 1025
collision_mask = 1
constant_linear_velocity = Vector2( 0, 0 )
constant_angular_velocity = 0.0
friction = 1.0
bounce = 0.0

[node name="CollisionShape2D" type="CollisionShape2D" parent="colisiones/StaticBody2D13" index="0"]

position = Vector2( 0, -2.26038 )
shape = SubResource( 1 )
__meta__ = {
"_edit_lock_": true
}

[node name="Level2_1to1" type="Area2D" parent="." index="3"]

editor/display_folded = true
position = Vector2( 1908.01, -115.149 )
scale = Vector2( 5.55439, 1 )
input_pickable = true
gravity_vec = Vector2( 0, 1 )
gravity = 98.0
linear_damp = 0.1
angular_damp = 1.0
audio_bus_override = false
audio_bus_name = "Master"

[node name="CollisionShape2D" type="CollisionShape2D" parent="Level2_1to1" index="0"]

shape = SubResource( 2 )
__meta__ = {
"_edit_lock_": true
}

[node name="colisiones_trans" type="Node2D" parent="." index="4"]

editor/display_folded = true
__meta__ = {
"_edit_lock_": true
}

[node name="StaticBody2D" type="StaticBody2D" parent="colisiones_trans" index="0"]

editor/display_folded = true
position = Vector2( 2031.4, 332.182 )
scale = Vector2( 3.17686, 0.40772 )
input_pickable = false
collision_layer = 1025
collision_mask = 1
constant_linear_velocity = Vector2( 0, 0 )
constant_angular_velocity = 0.0
friction = 1.0
bounce = 0.0

[node name="CollisionShape2D" type="CollisionShape2D" parent="colisiones_trans/StaticBody2D" index="0"]

shape = SubResource( 3 )
one_way_collision = true
__meta__ = {
"_edit_lock_": true
}

[node name="StaticBody2D2" type="StaticBody2D" parent="colisiones_trans" index="1"]

editor/display_folded = true
position = Vector2( 1822.28, 248.905 )
scale = Vector2( 3.17686, 0.40772 )
input_pickable = false
collision_layer = 1025
collision_mask = 1
constant_linear_velocity = Vector2( 0, 0 )
constant_angular_velocity = 0.0
friction = 1.0
bounce = 0.0

[node name="CollisionShape2D" type="CollisionShape2D" parent="colisiones_trans/StaticBody2D2" index="0"]

shape = SubResource( 3 )
one_way_collision = true
__meta__ = {
"_edit_lock_": true
}

[node name="StaticBody2D3" type="StaticBody2D" parent="colisiones_trans" index="2"]

editor/display_folded = true
position = Vector2( 2029.55, 169.328 )
scale = Vector2( 3.17686, 0.40772 )
input_pickable = false
collision_layer = 1025
collision_mask = 1
constant_linear_velocity = Vector2( 0, 0 )
constant_angular_velocity = 0.0
friction = 1.0
bounce = 0.0

[node name="CollisionShape2D" type="CollisionShape2D" parent="colisiones_trans/StaticBody2D3" index="0"]

shape = SubResource( 3 )
one_way_collision = true
__meta__ = {
"_edit_lock_": true
}

[node name="StaticBody2D4" type="StaticBody2D" parent="colisiones_trans" index="3"]

editor/display_folded = true
position = Vector2( 1814.88, 87.9011 )
scale = Vector2( 3.17686, 0.40772 )
input_pickable = false
collision_layer = 1025
collision_mask = 1
constant_linear_velocity = Vector2( 0, 0 )
constant_angular_velocity = 0.0
friction = 1.0
bounce = 0.0

[node name="CollisionShape2D" type="CollisionShape2D" parent="colisiones_trans/StaticBody2D4" index="0"]

shape = SubResource( 3 )
one_way_collision = true
__meta__ = {
"_edit_lock_": true
}

[node name="StaticBody2D5" type="StaticBody2D" parent="colisiones_trans" index="4"]

editor/display_folded = true
position = Vector2( 2029.55, 28.6814 )
scale = Vector2( 3.17686, 0.40772 )
input_pickable = false
collision_layer = 1025
collision_mask = 1
constant_linear_velocity = Vector2( 0, 0 )
constant_angular_velocity = 0.0
friction = 1.0
bounce = 0.0

[node name="CollisionShape2D" type="CollisionShape2D" parent="colisiones_trans/StaticBody2D5" index="0"]

shape = SubResource( 3 )
one_way_collision = true
__meta__ = {
"_edit_lock_": true
}

[node name="gameover" type="Area2D" parent="." index="5"]

editor/display_folded = true
position = Vector2( 684.155, 1524.63 )
scale = Vector2( 37.3318, 1 )
input_pickable = true
gravity_vec = Vector2( 0, 1 )
gravity = 98.0
linear_damp = 0.1
angular_damp = 1.0
audio_bus_override = false
audio_bus_name = "Master"

[node name="CollisionShape2D" type="CollisionShape2D" parent="gameover" index="0"]

position = Vector2( -0.371214, 5.45984 )
scale = Vector2( 1.0436, 1 )
shape = SubResource( 4 )

[node name="raices" type="Node2D" parent="." index="6"]

editor/display_folded = true
z_index = -1
_sections_unfolded = [ "Z Index" ]

[node name="Raices" parent="raices" index="0" instance=ExtResource( 4 )]

position = Vector2( 124.486, 1257.78 )

[node name="Raices2" parent="raices" index="1" instance=ExtResource( 4 )]

position = Vector2( 971.49, 1108.25 )
scale = Vector2( 0.608538, 0.502913 )
z_index = 1
_sections_unfolded = [ "Collision", "Z Index" ]

[node name="Raices3" parent="raices" index="2" instance=ExtResource( 4 )]

position = Vector2( 1193.03, 1108.43 )
scale = Vector2( 0.622829, 0.497291 )
z_index = 1
_sections_unfolded = [ "Collision", "Z Index" ]

[node name="Raices4" parent="raices" index="3" instance=ExtResource( 4 )]

position = Vector2( 957.024, 908.785 )

[node name="Raices5" parent="raices" index="4" instance=ExtResource( 4 )]

position = Vector2( 957.024, 711.162 )

[node name="Raices6" parent="raices" index="5" instance=ExtResource( 4 )]

position = Vector2( 1470, 580.815 )

[node name="Raices7" parent="raices" index="6" instance=ExtResource( 4 )]

position = Vector2( 1272.38, 345.555 )

[node name="Raices8" parent="raices" index="7" instance=ExtResource( 4 )]

position = Vector2( 1742.34, 338.82 )
scale = Vector2( 1.14789, 0.890142 )

[node name="Raices9" parent="raices" index="8" instance=ExtResource( 4 )]

position = Vector2( 1971.51, 241.829 )
scale = Vector2( 1, 0.813857 )

[node name="mapa" type="Node2D" parent="." index="7"]

editor/display_folded = true

[node name="level_2_1_pre" type="Sprite" parent="mapa" index="0"]

position = Vector2( 1160.18, 717.039 )
scale = Vector2( 1.11981, 1.11628 )
z_index = -1
texture = ExtResource( 5 )
_sections_unfolded = [ "Z Index" ]
__meta__ = {
"_edit_lock_": true
}

[node name="back_underground2" type="Sprite" parent="mapa" index="1"]

position = Vector2( 1159.79, 728.359 )
scale = Vector2( 1.1061, 1.1061 )
z_index = -2
texture = ExtResource( 6 )
_sections_unfolded = [ "Z Index" ]
__meta__ = {
"_edit_lock_": true
}

[node name="log" type="Sprite" parent="mapa" index="2"]

position = Vector2( -42.7975, 537.727 )
texture = ExtResource( 7 )

[node name="enemies" type="Node2D" parent="." index="8"]

position = Vector2( 11.0496, 34.3766 )

[node name="bunny_side" parent="enemies" index="0" instance=ExtResource( 8 )]

position = Vector2( 210.687, 1278.43 )

[node name="bunny_side3" parent="enemies" index="1" instance=ExtResource( 8 )]

position = Vector2( 1474.57, 1031.04 )

[node name="bunny_side4" parent="enemies" index="2" instance=ExtResource( 8 )]

position = Vector2( 1123.44, 915.631 )

[node name="bunny_side5" parent="enemies" index="3" instance=ExtResource( 8 )]

position = Vector2( 590.603, 780.58 )

[node name="bunny_side6" parent="enemies" index="4" instance=ExtResource( 8 )]

position = Vector2( 1030.87, 490.077 )
vec = Vector3( 4, 2, 1 )

[node name="bunny_side8" parent="enemies" index="5" instance=ExtResource( 8 )]

position = Vector2( 1673, 609.157 )
vec = Vector3( 4, 2, 1 )

[node name="bunny_side7" parent="enemies" index="6" instance=ExtResource( 8 )]

position = Vector2( 469.666, 490.077 )
vec = Vector3( 4, 3, 1 )

[node name="bunny_side2" parent="enemies" index="7" instance=ExtResource( 8 )]

position = Vector2( 539.038, 1205.38 )

[node name="Level2_1to2" type="Area2D" parent="." index="9"]

editor/display_folded = true
position = Vector2( -104.711, 1309.77 )
scale = Vector2( 0.821545, 1 )
input_pickable = true
gravity_vec = Vector2( 0, 1 )
gravity = 98.0
linear_damp = 0.1
angular_damp = 1.0
audio_bus_override = false
audio_bus_name = "Master"

[node name="CollisionShape2D" type="CollisionShape2D" parent="Level2_1to2" index="0"]

position = Vector2( -5.75989, -518.173 )
scale = Vector2( 0.896551, 0.574144 )
shape = SubResource( 5 )

[node name="coins" type="Node2D" parent="." index="10"]

[node name="coin" parent="coins" index="0" instance=ExtResource( 9 )]

position = Vector2( 57.4561, 1319.39 )

[node name="coin2" parent="coins" index="1" instance=ExtResource( 9 )]

position = Vector2( 485.938, 1246.95 )

[node name="coin3" parent="coins" index="2" instance=ExtResource( 9 )]

position = Vector2( 625.901, 1245.72 )

[node name="coin4" parent="coins" index="3" instance=ExtResource( 9 )]

position = Vector2( 753.586, 1242.04 )

[node name="coin5" parent="coins" index="4" instance=ExtResource( 9 )]

position = Vector2( 425.779, 820.922 )

[node name="coin6" parent="coins" index="5" instance=ExtResource( 9 )]

position = Vector2( 424.551, 782.862 )

[node name="coin7" parent="coins" index="6" instance=ExtResource( 9 )]

position = Vector2( 424.551, 753.397 )

[node name="coin8" parent="coins" index="7" instance=ExtResource( 9 )]

position = Vector2( 424.551, 723.931 )

[node name="coin9" parent="coins" index="8" instance=ExtResource( 9 )]

position = Vector2( 458.928, 720.248 )

[node name="coin10" parent="coins" index="9" instance=ExtResource( 9 )]

position = Vector2( 460.156, 753.397 )

[node name="coin11" parent="coins" index="10" instance=ExtResource( 9 )]

position = Vector2( 461.384, 780.407 )

[node name="coin12" parent="coins" index="11" instance=ExtResource( 9 )]

position = Vector2( 463.839, 811.1 )

[node name="coin13" parent="coins" index="12" instance=ExtResource( 9 )]

position = Vector2( 493.305, 780.407 )

[node name="coin14" parent="coins" index="13" instance=ExtResource( 9 )]

position = Vector2( 493.305, 753.397 )

[node name="coin15" parent="coins" index="14" instance=ExtResource( 9 )]

position = Vector2( 398.769, 529.947 )

[node name="coin16" parent="coins" index="15" instance=ExtResource( 9 )]

position = Vector2( 399.997, 489.432 )

[node name="coin17" parent="coins" index="16" instance=ExtResource( 9 )]

position = Vector2( 338.609, 490.66 )

[node name="coin18" parent="coins" index="17" instance=ExtResource( 9 )]

position = Vector2( 271.084, 488.204 )

[node name="coin19" parent="coins" index="18" instance=ExtResource( 9 )]

position = Vector2( 212.152, 490.66 )

[node name="coin20" parent="coins" index="19" instance=ExtResource( 9 )]

position = Vector2( 174.092, 532.403 )

[node name="coin21" parent="coins" index="20" instance=ExtResource( 9 )]

position = Vector2( 159.359, 597.473 )

[node name="coin22" parent="coins" index="21" instance=ExtResource( 9 )]

position = Vector2( 151.993, 658.86 )

[node name="coin23" parent="coins" index="22" instance=ExtResource( 9 )]

position = Vector2( 147.082, 733.753 )

[node name="coin24" parent="coins" index="23" instance=ExtResource( 9 )]

position = Vector2( 144.626, 784.09 )

[node name="coin25" parent="coins" index="24" instance=ExtResource( 9 )]

position = Vector2( 142.171, 841.794 )

[node name="coin26" parent="coins" index="25" instance=ExtResource( 9 )]

position = Vector2( 145.854, 908.092 )

[node name="coin27" parent="coins" index="26" instance=ExtResource( 9 )]

position = Vector2( 145.854, 964.568 )

[node name="coin28" parent="coins" index="27" instance=ExtResource( 9 )]

position = Vector2( 147.082, 1027.18 )

[node name="coin29" parent="coins" index="28" instance=ExtResource( 9 )]

position = Vector2( 150.765, 1091.03 )

[node name="coin30" parent="coins" index="29" instance=ExtResource( 9 )]

position = Vector2( 446.651, 485.749 )

[node name="coin31" parent="coins" index="30" instance=ExtResource( 9 )]

position = Vector2( 447.878, 523.809 )

[node name="coin32" parent="coins" index="31" instance=ExtResource( 9 )]

position = Vector2( 496.988, 484.521 )

[node name="coin33" parent="coins" index="32" instance=ExtResource( 9 )]

position = Vector2( 500.671, 525.037 )

[node name="coin34" parent="coins" index="33" instance=ExtResource( 9 )]

position = Vector2( 564.514, 452.6 )

[node name="coin35" parent="coins" index="34" instance=ExtResource( 9 )]

position = Vector2( 624.673, 451.372 )

[node name="coin36" parent="coins" index="35" instance=ExtResource( 9 )]

position = Vector2( 700.793, 452.6 )

[node name="coin37" parent="coins" index="36" instance=ExtResource( 9 )]

position = Vector2( 1614.39, 632.98 )

[node name="coin38" parent="coins" index="37" instance=ExtResource( 9 )]

position = Vector2( 1616.06, 594.566 )

[node name="coin39" parent="coins" index="38" instance=ExtResource( 9 )]

position = Vector2( 1609.38, 552.811 )

[node name="coin40" parent="coins" index="39" instance=ExtResource( 9 )]

position = Vector2( 1664.49, 551.141 )

[node name="coin41" parent="coins" index="40" instance=ExtResource( 9 )]

position = Vector2( 1669.5, 587.885 )

[node name="coin42" parent="coins" index="41" instance=ExtResource( 9 )]

position = Vector2( 1669.5, 629.64 )

[node name="coin43" parent="coins" index="42" instance=ExtResource( 9 )]

position = Vector2( 1577.64, 601.247 )

[node name="coin44" parent="coins" index="43" instance=ExtResource( 9 )]

position = Vector2( 1437.35, 382.452 )

[node name="coin45" parent="coins" index="44" instance=ExtResource( 9 )]

position = Vector2( 1673.16, 1065.29 )

[node name="coin46" parent="coins" index="45" instance=ExtResource( 9 )]

position = Vector2( 1671.11, 1024.28 )

[node name="coin47" parent="coins" index="46" instance=ExtResource( 9 )]

position = Vector2( 1671.11, 977.113 )

[node name="coin48" parent="coins" index="47" instance=ExtResource( 9 )]

position = Vector2( 1621.9, 382.452 )

[node name="coin49" parent="coins" index="48" instance=ExtResource( 9 )]

position = Vector2( 1529.62, 333.238 )

[node name="coin52" parent="coins" index="49" instance=ExtResource( 9 )]

position = Vector2( 565.861, 523.94 )

[node name="coin53" parent="coins" index="50" instance=ExtResource( 9 )]

position = Vector2( 633.529, 523.94 )

[node name="coin54" parent="coins" index="51" instance=ExtResource( 9 )]

position = Vector2( 699.147, 523.94 )

[connection signal="body_entered" from="Level2_1to1" to="." method="_on_Level2_1to1_body_entered"]

[connection signal="body_entered" from="gameover" to="." method="_on_gameover_body_entered"]

[connection signal="body_entered" from="Level2_1to2" to="." method="_on_Level2_1to2_body_entered"]


