[gd_scene load_steps=37 format=2]

[ext_resource path="res://modo_pelea/escenas/niveles/lvl1.gd" type="Script" id=1]
[ext_resource path="res://modo_pelea/sprites/lvl1/background_beatemup1.png" type="Texture" id=2]
[ext_resource path="res://modo_pelea/escenas/gui/CanvasLayer.gd" type="Script" id=3]
[ext_resource path="res://global/gui/sprites/9patchtest.png" type="Texture" id=4]
[ext_resource path="res://modo_pelea/escenas/gui/pelea.png" type="Texture" id=5]
[ext_resource path="res://resources/Minecraft.ttf" type="DynamicFontData" id=6]
[ext_resource path="res://global/gui/escenas/info_bars.gd" type="Script" id=7]
[ext_resource path="res://modo_pelea/escenas/gui/ferony_face.png" type="Texture" id=8]
[ext_resource path="res://modo_pelea/escenas/gui/red.png" type="Texture" id=9]
[ext_resource path="res://modo_pelea/escenas/gui/hud.png" type="Texture" id=10]
[ext_resource path="res://global/gui/sprites/game_over.png" type="Texture" id=11]
[ext_resource path="res://global/gui/escenas/game over/game_over_menu.tscn" type="PackedScene" id=12]
[ext_resource path="res://global/gui/sprites/lvl_up/levelup0000.png" type="Texture" id=13]
[ext_resource path="res://global/gui/sprites/lvl_up/levelup0001.png" type="Texture" id=14]
[ext_resource path="res://global/gui/sprites/lvl_up/levelup0002.png" type="Texture" id=15]
[ext_resource path="res://global/gui/sprites/lvl_up/levelup0003.png" type="Texture" id=16]
[ext_resource path="res://global/gui/sprites/lvl_up/levelup0004.png" type="Texture" id=17]
[ext_resource path="res://global/gui/sprites/lvl_up/levelup0005.png" type="Texture" id=18]
[ext_resource path="res://global/gui/sprites/lvl_up/levelup0006.png" type="Texture" id=19]
[ext_resource path="res://global/gui/sprites/lvl_up/levelup0007.png" type="Texture" id=20]
[ext_resource path="res://global/gui/sprites/lvl_up/levelup0008.png" type="Texture" id=21]
[ext_resource path="res://global/gui/sprites/lvl_up/levelup0009.png" type="Texture" id=22]
[ext_resource path="res://global/gui/sprites/lvl_up/levelup0010.png" type="Texture" id=23]
[ext_resource path="res://global/gui/sprites/lvl_up/levelup0011.png" type="Texture" id=24]
[ext_resource path="res://global/gui/sprites/lvl_up/levelup0012.png" type="Texture" id=25]
[ext_resource path="res://global/gui/sprites/lvl_up/levelup0013.png" type="Texture" id=26]

[sub_resource type="StyleBoxTexture" id=1]

content_margin_left = -1.0
content_margin_right = -1.0
content_margin_top = -1.0
content_margin_bottom = -1.0
texture = ExtResource( 4 )
region_rect = Rect2( 0, 0, 64, 64 )
margin_left = 3.0
margin_right = 3.0
margin_top = 3.0
margin_bottom = 3.0
expand_margin_left = 0.0
expand_margin_right = 0.0
expand_margin_top = 0.0
expand_margin_bottom = 0.0
modulate_color = Color( 1, 1, 1, 1 )
draw_center = true
_sections_unfolded = [ "Margin" ]

[sub_resource type="Animation" id=2]

length = 2.4
loop = false
step = 0.1
tracks/0/type = "value"
tracks/0/path = NodePath("pelea:modulate")
tracks/0/interp = 1
tracks/0/loop_wrap = true
tracks/0/imported = false
tracks/0/enabled = true
tracks/0/keys = {
"times": PoolRealArray( 0, 0.4, 0.8, 1.2, 1.6, 2, 2.4 ),
"transitions": PoolRealArray( 1, 1, 1, 1, 1, 1, 1 ),
"update": 1,
"values": [ Color( 1, 1, 1, 0 ), Color( 1, 1, 1, 1 ), Color( 1, 1, 1, 0 ), Color( 1, 1, 1, 1 ), Color( 1, 1, 1, 0 ), Color( 1, 1, 1, 1 ), Color( 1, 1, 1, 0 ) ]
}

[sub_resource type="Animation" id=3]

resource_name = "gameover"
length = 2.0
loop = false
step = 0.1
tracks/0/type = "value"
tracks/0/path = NodePath("game_over:visible")
tracks/0/interp = 1
tracks/0/loop_wrap = true
tracks/0/imported = false
tracks/0/enabled = true
tracks/0/keys = {
"times": PoolRealArray( 0 ),
"transitions": PoolRealArray( 1 ),
"update": 1,
"values": [ true ]
}
tracks/1/type = "value"
tracks/1/path = NodePath("game_over:self_modulate")
tracks/1/interp = 1
tracks/1/loop_wrap = true
tracks/1/imported = false
tracks/1/enabled = true
tracks/1/keys = {
"times": PoolRealArray( 0.5, 1.5 ),
"transitions": PoolRealArray( 1, 1 ),
"update": 0,
"values": [ Color( 1, 1, 1, 0 ), Color( 1, 1, 1, 1 ) ]
}

[sub_resource type="Animation" id=4]

resource_name = "lvl_up"
length = 1.8
loop = false
step = 0.1
tracks/0/type = "value"
tracks/0/path = NodePath("lvl_up:frame")
tracks/0/interp = 1
tracks/0/loop_wrap = true
tracks/0/imported = false
tracks/0/enabled = true
tracks/0/keys = {
"times": PoolRealArray( 0, 0.1, 0.2, 0.3, 0.4, 0.5, 0.6, 0.7, 0.8, 0.9, 1, 1.1, 1.2 ),
"transitions": PoolRealArray( 1, 1, 1, 1, 1, 1, 1, 1, 1, 1, 1, 1, 1 ),
"update": 1,
"values": [ 0, 1, 2, 3, 4, 5, 6, 7, 8, 9, 10, 12, 13 ]
}
tracks/1/type = "value"
tracks/1/path = NodePath("lvl_up:visible")
tracks/1/interp = 1
tracks/1/loop_wrap = true
tracks/1/imported = false
tracks/1/enabled = true
tracks/1/keys = {
"times": PoolRealArray( 0, 0.1 ),
"transitions": PoolRealArray( 1, 1 ),
"update": 1,
"values": [ true, true ]
}
tracks/2/type = "value"
tracks/2/path = NodePath("lvl_up:animation")
tracks/2/interp = 1
tracks/2/loop_wrap = true
tracks/2/imported = false
tracks/2/enabled = true
tracks/2/keys = {
"times": PoolRealArray( 0 ),
"transitions": PoolRealArray( 1 ),
"update": 1,
"values": [ "default" ]
}

[sub_resource type="Animation" id=5]

length = 2.5
loop = false
step = 0.1
tracks/0/type = "value"
tracks/0/path = NodePath("resultados/Panel/VBoxContainer/HBoxContainer2/mon:visible")
tracks/0/interp = 1
tracks/0/loop_wrap = true
tracks/0/imported = false
tracks/0/enabled = true
tracks/0/keys = {
"times": PoolRealArray( 0, 1.5 ),
"transitions": PoolRealArray( 1, 1 ),
"update": 1,
"values": [ false, true ]
}
tracks/1/type = "value"
tracks/1/path = NodePath("resultados/Panel/VBoxContainer/HBoxContainer/expe:visible")
tracks/1/interp = 1
tracks/1/loop_wrap = true
tracks/1/imported = false
tracks/1/enabled = true
tracks/1/keys = {
"times": PoolRealArray( 0, 0.5 ),
"transitions": PoolRealArray( 1, 1 ),
"update": 1,
"values": [ false, true ]
}
tracks/2/type = "method"
tracks/2/path = NodePath("..")
tracks/2/interp = 1
tracks/2/loop_wrap = true
tracks/2/imported = false
tracks/2/enabled = true
tracks/2/keys = {
"times": PoolRealArray( 2.5 ),
"transitions": PoolRealArray( 1 ),
"values": [ {
"args": [  ],
"method": "go_back"
} ]
}

[sub_resource type="Animation" id=6]

resource_name = "lvl_up"
length = 1.5
loop = false
step = 0.1
tracks/0/type = "value"
tracks/0/path = NodePath("lvl_up:frame")
tracks/0/interp = 1
tracks/0/loop_wrap = true
tracks/0/imported = false
tracks/0/enabled = true
tracks/0/keys = {
"times": PoolRealArray( 0, 0.1, 0.2, 0.3, 0.4, 0.5, 0.6, 0.7, 0.8, 0.9, 1, 1.1, 1.2, 1.3 ),
"transitions": PoolRealArray( 1, 1, 1, 1, 1, 1, 1, 1, 1, 1, 1, 1, 1, 1 ),
"update": 1,
"values": [ 0, 1, 2, 3, 4, 5, 6, 7, 8, 9, 10, 11, 12, 13 ]
}

[sub_resource type="StyleBoxTexture" id=7]

content_margin_left = -1.0
content_margin_right = -1.0
content_margin_top = -1.0
content_margin_bottom = -1.0
texture = ExtResource( 4 )
region_rect = Rect2( 0, 0, 64, 64 )
margin_left = 3.0
margin_right = 3.0
margin_top = 3.0
margin_bottom = 3.0
expand_margin_left = 0.0
expand_margin_right = 0.0
expand_margin_top = 0.0
expand_margin_bottom = 0.0
modulate_color = Color( 1, 1, 1, 1 )
draw_center = true
_sections_unfolded = [ "Margin" ]

[sub_resource type="DynamicFont" id=8]

size = 16
use_mipmaps = false
use_filter = false
font_data = ExtResource( 6 )
_sections_unfolded = [ "Font", "Settings" ]

[sub_resource type="DynamicFont" id=9]

size = 16
use_mipmaps = false
use_filter = false
font_data = ExtResource( 6 )
_sections_unfolded = [ "Font", "Settings" ]

[sub_resource type="SpriteFrames" id=10]

animations = [ {
"frames": [ ExtResource( 13 ), ExtResource( 14 ), ExtResource( 15 ), ExtResource( 16 ), ExtResource( 17 ), ExtResource( 18 ), ExtResource( 19 ), ExtResource( 20 ), ExtResource( 21 ), ExtResource( 22 ), ExtResource( 23 ), ExtResource( 24 ), ExtResource( 25 ), ExtResource( 26 ) ],
"loop": true,
"name": "default",
"speed": 5.0
} ]

[node name="street" type="Node2D"]

script = ExtResource( 1 )

[node name="Sprite" type="Sprite" parent="." index="0"]

position = Vector2( 483.663, 186.818 )
scale = Vector2( 1.38214, 1.55466 )
z_index = -4096
texture = ExtResource( 2 )
_sections_unfolded = [ "Transform", "Z Index" ]

[node name="CanvasLayer" type="CanvasLayer" parent="." index="1"]

layer = 1
offset = Vector2( 0, 0 )
rotation = 0.0
scale = Vector2( 1, 1 )
transform = Transform2D( 1, 0, 0, 1, 0, 0 )
script = ExtResource( 3 )

[node name="Panel" type="Panel" parent="CanvasLayer" index="0"]

editor/display_folded = true
visible = false
anchor_left = 0.5
anchor_top = 0.0
anchor_right = 0.5
anchor_bottom = 0.0
margin_left = -105.0
margin_right = 105.0
margin_bottom = 140.0
rect_pivot_offset = Vector2( 0, 0 )
rect_clip_content = false
mouse_filter = 0
mouse_default_cursor_shape = 0
size_flags_horizontal = 1
size_flags_vertical = 1

[node name="Label" type="Label" parent="CanvasLayer/Panel" index="0"]

anchor_left = 0.0
anchor_top = 0.0
anchor_right = 0.0
anchor_bottom = 0.0
margin_left = 10.0
margin_top = 10.0
margin_right = 50.0
margin_bottom = 24.0
rect_pivot_offset = Vector2( 0, 0 )
rect_clip_content = false
mouse_filter = 2
mouse_default_cursor_shape = 0
size_flags_horizontal = 1
size_flags_vertical = 4
percent_visible = 1.0
lines_skipped = 0
max_lines_visible = -1
_sections_unfolded = [ "Rect", "custom_fonts" ]

[node name="resultados" type="Control" parent="CanvasLayer" index="1"]

editor/display_folded = true
anchor_left = 0.5
anchor_top = 0.5
anchor_right = 0.5
anchor_bottom = 0.5
margin_left = -20.0
margin_top = -20.0
margin_right = 20.0
margin_bottom = 20.0
rect_pivot_offset = Vector2( 0, 0 )
rect_clip_content = false
mouse_filter = 0
mouse_default_cursor_shape = 0
size_flags_horizontal = 1
size_flags_vertical = 1

[node name="Panel" type="Panel" parent="CanvasLayer/resultados" index="0"]

anchor_left = 0.5
anchor_top = 0.5
anchor_right = 0.5
anchor_bottom = 0.5
margin_left = -107.0
margin_top = -57.0
margin_right = 107.0
margin_bottom = 57.0
rect_pivot_offset = Vector2( 0, 0 )
rect_clip_content = false
mouse_filter = 0
mouse_default_cursor_shape = 0
size_flags_horizontal = 1
size_flags_vertical = 1
custom_styles/panel = SubResource( 1 )
_sections_unfolded = [ "custom_styles" ]

[node name="VBoxContainer" type="VBoxContainer" parent="CanvasLayer/resultados/Panel" index="0"]

anchor_left = 0.5
anchor_top = 0.5
anchor_right = 0.5
anchor_bottom = 0.5
margin_left = -91.0
margin_top = -20.0
margin_right = 91.0
margin_bottom = 20.0
rect_pivot_offset = Vector2( 0, 0 )
rect_clip_content = false
mouse_filter = 1
mouse_default_cursor_shape = 0
size_flags_horizontal = 3
size_flags_vertical = 1
alignment = 0
_sections_unfolded = [ "Size Flags" ]

[node name="HBoxContainer" type="HBoxContainer" parent="CanvasLayer/resultados/Panel/VBoxContainer" index="0"]

anchor_left = 0.0
anchor_top = 0.0
anchor_right = 0.0
anchor_bottom = 0.0
margin_right = 182.0
margin_bottom = 14.0
rect_pivot_offset = Vector2( 0, 0 )
rect_clip_content = false
mouse_filter = 1
mouse_default_cursor_shape = 0
size_flags_horizontal = 1
size_flags_vertical = 1
alignment = 0

[node name="expe" type="Label" parent="CanvasLayer/resultados/Panel/VBoxContainer/HBoxContainer" index="0"]

anchor_left = 0.0
anchor_top = 0.0
anchor_right = 0.0
anchor_bottom = 0.0
margin_right = 77.0
margin_bottom = 14.0
rect_pivot_offset = Vector2( 0, 0 )
rect_clip_content = false
mouse_filter = 2
mouse_default_cursor_shape = 0
size_flags_horizontal = 1
size_flags_vertical = 4
text = "Experiencia:"
percent_visible = 1.0
lines_skipped = 0
max_lines_visible = -1
_sections_unfolded = [ "Visibility" ]

[node name="HBoxContainer2" type="HBoxContainer" parent="CanvasLayer/resultados/Panel/VBoxContainer" index="1"]

anchor_left = 0.0
anchor_top = 0.0
anchor_right = 0.0
anchor_bottom = 0.0
margin_top = 18.0
margin_right = 182.0
margin_bottom = 32.0
rect_pivot_offset = Vector2( 0, 0 )
rect_clip_content = false
mouse_filter = 1
mouse_default_cursor_shape = 0
size_flags_horizontal = 1
size_flags_vertical = 1
alignment = 0

[node name="mon" type="Label" parent="CanvasLayer/resultados/Panel/VBoxContainer/HBoxContainer2" index="0"]

anchor_left = 0.0
anchor_top = 0.0
anchor_right = 0.0
anchor_bottom = 0.0
margin_right = 62.0
margin_bottom = 14.0
rect_pivot_offset = Vector2( 0, 0 )
rect_clip_content = false
mouse_filter = 2
mouse_default_cursor_shape = 0
size_flags_horizontal = 1
size_flags_vertical = 4
text = "Monedas:"
percent_visible = 1.0
lines_skipped = 0
max_lines_visible = -1
_sections_unfolded = [ "Visibility" ]

[node name="Label" type="Label" parent="CanvasLayer/resultados/Panel" index="1"]

anchor_left = 0.5
anchor_top = 0.0
anchor_right = 0.5
anchor_bottom = 0.0
margin_left = -37.0
margin_top = 9.0
margin_right = 37.0
margin_bottom = 23.0
rect_pivot_offset = Vector2( 0, 0 )
rect_clip_content = false
mouse_filter = 2
mouse_default_cursor_shape = 0
size_flags_horizontal = 1
size_flags_vertical = 4
text = "Resultados"
percent_visible = 1.0
lines_skipped = 0
max_lines_visible = -1

[node name="Timer" type="Timer" parent="CanvasLayer/resultados" index="1"]

process_mode = 1
wait_time = 3.0
one_shot = false
autostart = false

[node name="AnimationPlayer" type="AnimationPlayer" parent="CanvasLayer" index="2"]

root_node = NodePath("..")
autoplay = ""
playback_process_mode = 1
playback_default_blend_time = 0.0
playback_speed = 1.0
anims/fight = SubResource( 2 )
anims/gameover = SubResource( 3 )
anims/lvl_up = SubResource( 4 )
anims/results = SubResource( 5 )
blend_times = [  ]

[node name="AnimationPlayer2" type="AnimationPlayer" parent="CanvasLayer" index="3"]

root_node = NodePath("..")
autoplay = ""
playback_process_mode = 1
playback_default_blend_time = 0.0
playback_speed = 1.0
anims/lvl_up = SubResource( 6 )
blend_times = [  ]

[node name="pelea" type="Sprite" parent="CanvasLayer" index="4"]

modulate = Color( 1, 1, 1, 0 )
position = Vector2( 508.535, 313.141 )
scale = Vector2( 5, 5 )
z_index = 1000
z_as_relative = false
texture = ExtResource( 5 )
_sections_unfolded = [ "Material", "Transform", "Visibility", "Z Index" ]

[node name="enemy_info" type="Control" parent="CanvasLayer" index="5"]

editor/display_folded = true
anchor_left = 0.0
anchor_top = 0.0
anchor_right = 0.0
anchor_bottom = 0.0
margin_left = 880.0
margin_top = 58.0
margin_right = 920.0
margin_bottom = 98.0
rect_pivot_offset = Vector2( 0, 0 )
rect_clip_content = false
mouse_filter = 0
mouse_default_cursor_shape = 0
size_flags_horizontal = 1
size_flags_vertical = 1
__meta__ = {
"_edit_group_": true
}

[node name="Panel" type="Panel" parent="CanvasLayer/enemy_info" index="0"]

self_modulate = Color( 1, 1, 1, 0.812157 )
anchor_left = 0.0
anchor_top = 0.0
anchor_right = 0.0
anchor_bottom = 0.0
margin_left = -55.0
margin_top = -24.0
margin_right = 105.0
margin_bottom = 34.0
rect_pivot_offset = Vector2( 0, 0 )
rect_clip_content = false
mouse_filter = 0
mouse_default_cursor_shape = 0
size_flags_horizontal = 1
size_flags_vertical = 1
custom_styles/panel = SubResource( 7 )
_sections_unfolded = [ "Material", "Visibility", "custom_styles" ]

[node name="nombre" type="Label" parent="CanvasLayer/enemy_info/Panel" index="0"]

anchor_left = 0.5
anchor_top = 0.0
anchor_right = 0.5
anchor_bottom = 0.0
margin_left = -4.0
margin_top = 6.0
margin_right = 36.0
margin_bottom = 20.0
rect_pivot_offset = Vector2( 0, 0 )
rect_clip_content = false
mouse_filter = 2
mouse_default_cursor_shape = 0
size_flags_horizontal = 1
size_flags_vertical = 4
custom_fonts/font = SubResource( 8 )
percent_visible = 1.0
lines_skipped = 0
max_lines_visible = -1
_sections_unfolded = [ "custom_fonts" ]

[node name="vida" type="Label" parent="CanvasLayer/enemy_info/Panel" index="1"]

anchor_left = 0.5
anchor_top = 0.5
anchor_right = 0.5
anchor_bottom = 0.5
margin_left = -4.0
margin_top = -1.0
margin_right = 36.0
margin_bottom = 13.0
rect_pivot_offset = Vector2( 0, 0 )
rect_clip_content = false
mouse_filter = 2
mouse_default_cursor_shape = 0
size_flags_horizontal = 1
size_flags_vertical = 4
custom_fonts/font = SubResource( 9 )
percent_visible = 1.0
lines_skipped = 0
max_lines_visible = -1
_sections_unfolded = [ "custom_fonts" ]

[node name="info_bars" type="Container" parent="CanvasLayer" index="6"]

anchor_left = 0.0
anchor_top = 0.0
anchor_right = 0.0
anchor_bottom = 0.0
margin_left = 9.0
margin_top = 2.0
margin_right = 291.0
margin_bottom = 107.0
rect_pivot_offset = Vector2( 0, 0 )
rect_clip_content = false
mouse_filter = 0
mouse_default_cursor_shape = 0
size_flags_horizontal = 1
size_flags_vertical = 1
script = ExtResource( 7 )

[node name="TextureRect" type="TextureRect" parent="CanvasLayer/info_bars" index="0"]

anchor_left = 0.0
anchor_top = 0.5
anchor_right = 0.0
anchor_bottom = 0.5
margin_top = -67.5
margin_right = 117.0
margin_bottom = 50.5
rect_pivot_offset = Vector2( 0, 0 )
rect_clip_content = false
mouse_filter = 1
mouse_default_cursor_shape = 0
size_flags_horizontal = 1
size_flags_vertical = 1
texture = ExtResource( 8 )
stretch_mode = 0

[node name="hp_bar" type="TextureProgress" parent="CanvasLayer/info_bars" index="1"]

anchor_left = 0.0
anchor_top = 0.0
anchor_right = 0.0
anchor_bottom = 0.0
margin_left = 97.0
margin_top = 47.0
margin_right = 217.0
margin_bottom = 64.0
rect_pivot_offset = Vector2( 0, 0 )
rect_clip_content = false
mouse_filter = 1
mouse_default_cursor_shape = 0
size_flags_horizontal = 1
size_flags_vertical = 1
min_value = 0.0
max_value = 5.0
step = 1.0
page = 0.0
value = 5.0
exp_edit = false
rounded = false
texture_under = null
texture_over = null
texture_progress = ExtResource( 9 )
radial_fill_degrees = 360.0
radial_center_offset = Vector2( 0, 0 )
nine_patch_stretch = true
stretch_margin_left = 1
stretch_margin_top = 1
stretch_margin_right = 1
stretch_margin_bottom = 1
_sections_unfolded = [ "Textures" ]

[node name="TextureRect2" type="TextureRect" parent="CanvasLayer/info_bars" index="2"]

anchor_left = 1.0
anchor_top = 0.5
anchor_right = 1.0
anchor_bottom = 0.5
margin_left = -198.0
margin_top = -21.5
margin_right = -53.0
margin_bottom = 38.5
rect_pivot_offset = Vector2( 0, 0 )
rect_clip_content = false
mouse_filter = 1
mouse_default_cursor_shape = 0
size_flags_horizontal = 1
size_flags_vertical = 1
texture = ExtResource( 10 )
expand = true
stretch_mode = 0

[node name="game_over" type="Sprite" parent="CanvasLayer" index="7"]

self_modulate = Color( 1, 1, 1, 0 )
position = Vector2( 524, 328 )
texture = ExtResource( 11 )
_sections_unfolded = [ "Material", "Visibility", "Z Index" ]
__meta__ = {
"_edit_lock_": true
}

[node name="game_over_menu" parent="CanvasLayer" index="8" instance=ExtResource( 12 )]

[node name="lvl_up" type="AnimatedSprite" parent="CanvasLayer" index="9"]

position = Vector2( 519.501, 154.667 )
frames = SubResource( 10 )
animation = "default"
_sections_unfolded = [ "Visibility" ]

[node name="limite" type="Area2D" parent="." index="2"]

input_pickable = true
gravity_vec = Vector2( 0, 1 )
gravity = 98.0
linear_damp = 0.1
angular_damp = 1.0
collision_layer = 2
collision_mask = 2
audio_bus_override = false
audio_bus_name = "Master"
_sections_unfolded = [ "Collision", "Transform" ]

[node name="CollisionPolygon2D" type="CollisionPolygon2D" parent="limite" index="0"]

position = Vector2( -60, 0 )
build_mode = 0
polygon = PoolVector2Array( 1086.97, 308.505, 60.7912, 308.281, 60.5082, 571.725, 1084.72, 571.336, 1084.7, 660.199, -50, 660, -50, 210, 1085.83, 209.009 )
_sections_unfolded = [ "Transform" ]

[node name="enemy_limit" type="Node2D" parent="." index="3"]

editor/display_folded = true

[node name="limit_up" type="Position2D" parent="enemy_limit" index="0"]

position = Vector2( 480, 325 )
_sections_unfolded = [ "Transform" ]

[node name="limit_down" type="Position2D" parent="enemy_limit" index="1"]

position = Vector2( 480, 560 )
_sections_unfolded = [ "Transform" ]

[node name="limit_left" type="Position2D" parent="enemy_limit" index="2"]

position = Vector2( 15, 450 )
_sections_unfolded = [ "Transform" ]

[node name="limit_right" type="Position2D" parent="enemy_limit" index="3"]

position = Vector2( 1000, 450 )
_sections_unfolded = [ "Transform" ]

[connection signal="animation_finished" from="CanvasLayer/AnimationPlayer" to="." method="_on_AnimationPlayer_animation_finished"]


