[gd_scene load_steps=15 format=2]

[ext_resource path="res://modo_normal/escenas/enemigos/conejo/bunny_side.gd" type="Script" id=1]
[ext_resource path="res://modo_pelea/sprites/enemigos/bunny/transform/bunnyenemy0000.png" type="Texture" id=2]
[ext_resource path="res://modo_pelea/sprites/enemigos/bunny/run_bunny/bunny_run0000.png" type="Texture" id=3]
[ext_resource path="res://modo_pelea/sprites/enemigos/bunny/run_bunny/bunny_run0001.png" type="Texture" id=4]
[ext_resource path="res://modo_pelea/sprites/enemigos/bunny/run_bunny/bunny_run0002.png" type="Texture" id=5]
[ext_resource path="res://modo_pelea/sprites/enemigos/bunny/run_bunny/bunny_run0003.png" type="Texture" id=6]
[ext_resource path="res://modo_pelea/sprites/enemigos/bunny/run_bunny/bunny_run0004.png" type="Texture" id=7]
[ext_resource path="res://modo_normal/escenas/player/animation_player.gd" type="Script" id=8]

[sub_resource type="RectangleShape2D" id=1]

custom_solver_bias = 0.0
extents = Vector2( 13.5143, 6.15305 )

[sub_resource type="SpriteFrames" id=2]

animations = [ {
"frames": [ ExtResource( 2 ) ],
"loop": true,
"name": "idle",
"speed": 5.0
}, {
"frames": [ ExtResource( 3 ), ExtResource( 4 ), ExtResource( 5 ), ExtResource( 6 ), ExtResource( 7 ) ],
"loop": true,
"name": "run",
"speed": 5.0
} ]

[sub_resource type="Animation" id=3]

resource_name = "idle"
length = 1.0
loop = false
step = 0.1
tracks/0/type = "value"
tracks/0/path = NodePath(".:animation")
tracks/0/interp = 1
tracks/0/loop_wrap = true
tracks/0/imported = false
tracks/0/enabled = true
tracks/0/keys = {
"times": PoolRealArray( 0 ),
"transitions": PoolRealArray( 1 ),
"update": 0,
"values": [ "idle" ]
}

[sub_resource type="Animation" id=4]

resource_name = "run"
length = 0.4
loop = true
step = 0.1
tracks/0/type = "value"
tracks/0/path = NodePath(".:animation")
tracks/0/interp = 1
tracks/0/loop_wrap = true
tracks/0/imported = false
tracks/0/enabled = true
tracks/0/keys = {
"times": PoolRealArray( 0 ),
"transitions": PoolRealArray( 1 ),
"update": 0,
"values": [ "run" ]
}
tracks/1/type = "value"
tracks/1/path = NodePath(".:frame")
tracks/1/interp = 1
tracks/1/loop_wrap = true
tracks/1/imported = false
tracks/1/enabled = true
tracks/1/keys = {
"times": PoolRealArray( 0, 0.4 ),
"transitions": PoolRealArray( 1, 1 ),
"update": 0,
"values": [ 0, 4 ]
}

[sub_resource type="RectangleShape2D" id=5]

custom_solver_bias = 0.0
extents = Vector2( 15.0399, 6.51931 )

[sub_resource type="CircleShape2D" id=6]

custom_solver_bias = 0.0
radius = 134.653

[node name="bunny_side" type="KinematicBody2D"]

input_pickable = false
collision_layer = 4
collision_mask = 1
collision/safe_margin = 0.08
script = ExtResource( 1 )
_sections_unfolded = [ "Collision" ]
dificultad = null
vec = Vector3( 4, 1, 1 )

[node name="CollisionShape2D" type="CollisionShape2D" parent="." index="0"]

position = Vector2( 0, 24 )
shape = SubResource( 1 )

[node name="AnimatedSprite" type="AnimatedSprite" parent="." index="1"]

frames = SubResource( 2 )
animation = "idle"

[node name="AnimationPlayer" type="AnimationPlayer" parent="AnimatedSprite" index="0"]

root_node = NodePath("..")
autoplay = ""
playback_process_mode = 1
playback_default_blend_time = 0.0
playback_speed = 1.0
anims/idle = SubResource( 3 )
anims/run = SubResource( 4 )
blend_times = [  ]
script = ExtResource( 8 )

[node name="Area2D" type="Area2D" parent="." index="2"]

input_pickable = true
gravity_vec = Vector2( 0, 1 )
gravity = 98.0
linear_damp = 0.1
angular_damp = 1.0
collision_layer = 0
collision_mask = 2
audio_bus_override = false
audio_bus_name = "Master"
_sections_unfolded = [ "Collision" ]

[node name="CollisionShape2D" type="CollisionShape2D" parent="Area2D" index="0"]

position = Vector2( 0, 24 )
shape = SubResource( 5 )

[node name="player_detector" type="Area2D" parent="." index="3"]

input_pickable = true
gravity_vec = Vector2( 0, 1 )
gravity = 98.0
linear_damp = 0.1
angular_damp = 1.0
collision_layer = 2
collision_mask = 2
audio_bus_override = false
audio_bus_name = "Master"
_sections_unfolded = [ "Collision" ]

[node name="CollisionShape2D" type="CollisionShape2D" parent="player_detector" index="0"]

position = Vector2( 0, 11.2022 )
scale = Vector2( 1, 0.636164 )
shape = SubResource( 6 )

[connection signal="body_entered" from="Area2D" to="." method="_on_Area2D_body_entered"]

[connection signal="body_entered" from="player_detector" to="." method="_on_player_detector_body_entered"]

[connection signal="body_exited" from="player_detector" to="." method="_on_player_detector_body_exited"]


