[gd_scene load_steps=57 format=2]

[ext_resource path="res://modo_pelea/escenas/enemigos/enemy_test/enemy_test.gd" type="Script" id=1]
[ext_resource path="res://modo_pelea/sprites/enemigos/estudiante1/move/estudiante0000.png" type="Texture" id=2]
[ext_resource path="res://modo_pelea/sprites/enemigos/estudiante1/stand/estudiante0015.png" type="Texture" id=3]
[ext_resource path="res://modo_pelea/sprites/enemigos/estudiante1/stand/estudiante0016.png" type="Texture" id=4]
[ext_resource path="res://modo_pelea/sprites/enemigos/estudiante1/stand/estudiante0017.png" type="Texture" id=5]
[ext_resource path="res://modo_pelea/sprites/enemigos/estudiante1/stand/estudiante0018.png" type="Texture" id=6]
[ext_resource path="res://modo_pelea/sprites/enemigos/estudiante1/hit/estudiante0013.png" type="Texture" id=7]
[ext_resource path="res://modo_pelea/sprites/enemigos/estudiante1/move/estudiante0001.png" type="Texture" id=8]
[ext_resource path="res://modo_pelea/sprites/enemigos/estudiante1/move/estudiante0002.png" type="Texture" id=9]
[ext_resource path="res://modo_pelea/sprites/enemigos/estudiante1/move/estudiante0003.png" type="Texture" id=10]
[ext_resource path="res://modo_pelea/sprites/enemigos/estudiante1/move/estudiante0004.png" type="Texture" id=11]
[ext_resource path="res://modo_pelea/sprites/enemigos/estudiante1/move/estudiante0005.png" type="Texture" id=12]
[ext_resource path="res://modo_pelea/sprites/enemigos/estudiante1/punch/estudiante0006.png" type="Texture" id=13]
[ext_resource path="res://modo_pelea/sprites/enemigos/estudiante1/punch/estudiante0007.png" type="Texture" id=14]
[ext_resource path="res://modo_pelea/sprites/enemigos/estudiante1/punch/estudiante0008.png" type="Texture" id=15]
[ext_resource path="res://modo_pelea/sprites/enemigos/estudiante1/punch/estudiante0009.png" type="Texture" id=16]
[ext_resource path="res://modo_pelea/sprites/enemigos/estudiante1/punch/estudiante0010.png" type="Texture" id=17]
[ext_resource path="res://modo_pelea/sprites/enemigos/estudiante1/punch/estudiante0011.png" type="Texture" id=18]
[ext_resource path="res://modo_pelea/sprites/enemigos/estudiante1/knockback/estudiante0014.png" type="Texture" id=19]
[ext_resource path="res://modo_pelea/sprites/enemigos/estudiante1/hit/estudiante0012.png" type="Texture" id=20]
[ext_resource path="res://modo_pelea/escenas/enemigos/enemy_test/hitbox.gd" type="Script" id=21]
[ext_resource path="res://addons/godot-behavior-tree-plugin/blackboard.gd" type="Script" id=22]
[ext_resource path="res://addons/godot-behavior-tree-plugin/blackboard_icon.png" type="Texture" id=23]
[ext_resource path="res://addons/godot-behavior-tree-plugin/behavior_tree.gd" type="Script" id=24]
[ext_resource path="res://addons/godot-behavior-tree-plugin/root_icon.png" type="Texture" id=25]
[ext_resource path="res://addons/godot-behavior-tree-plugin/selector.gd" type="Script" id=26]
[ext_resource path="res://addons/godot-behavior-tree-plugin/selector_icon.png" type="Texture" id=27]
[ext_resource path="res://addons/godot-behavior-tree-plugin/sequence.gd" type="Script" id=28]
[ext_resource path="res://addons/godot-behavior-tree-plugin/sequence_icon.png" type="Texture" id=29]
[ext_resource path="res://modo_pelea/escenas/enemigos/enemy_test/ai/enemy_test/isAttackState.gd" type="Script" id=30]
[ext_resource path="res://addons/godot-behavior-tree-plugin/condition_icon.png" type="Texture" id=31]
[ext_resource path="res://modo_pelea/escenas/enemigos/enemy_test/ai/enemy_test/isPlayerInRange.gd" type="Script" id=32]
[ext_resource path="res://addons/godot-behavior-tree-plugin/inverter.gd" type="Script" id=33]
[ext_resource path="res://addons/godot-behavior-tree-plugin/inverter_icon.png" type="Texture" id=34]
[ext_resource path="res://modo_pelea/escenas/enemigos/enemy_test/ai/enemy_test/isOnTarget.gd" type="Script" id=35]
[ext_resource path="res://modo_pelea/escenas/enemigos/enemy_test/ai/enemy_test/findTarget.gd" type="Script" id=36]
[ext_resource path="res://addons/godot-behavior-tree-plugin/action_icon.png" type="Texture" id=37]
[ext_resource path="res://modo_pelea/escenas/enemigos/enemy_test/ai/enemy_test/Move.gd" type="Script" id=38]
[ext_resource path="res://modo_pelea/escenas/enemigos/enemy_test/ai/enemy_test/canAttack.gd" type="Script" id=39]
[ext_resource path="res://modo_pelea/escenas/enemigos/enemy_test/ai/enemy_test/setMirroring.gd" type="Script" id=40]
[ext_resource path="res://modo_pelea/escenas/enemigos/enemy_test/ai/enemy_test/combo1Action.gd" type="Script" id=41]
[ext_resource path="res://modo_pelea/escenas/enemigos/enemy_test/ai/enemy_test/ChangeState.gd" type="Script" id=42]
[ext_resource path="res://modo_pelea/escenas/enemigos/enemy_test/ai/enemy_test/isRandomMove.gd" type="Script" id=43]
[ext_resource path="res://addons/godot-behavior-tree-plugin/wait.gd" type="Script" id=44]
[ext_resource path="res://modo_pelea/escenas/enemigos/enemy_test/ai/enemy_test/findRandomTarget.gd" type="Script" id=45]

[sub_resource type="RectangleShape2D" id=1]

custom_solver_bias = 0.0
extents = Vector2( 20, 40 )

[sub_resource type="SpriteFrames" id=2]

animations = [ {
"frames": [ ExtResource( 2 ) ],
"loop": true,
"name": "idle",
"speed": 5.0
}, {
"frames": [ ExtResource( 3 ), ExtResource( 4 ), ExtResource( 5 ), ExtResource( 6 ) ],
"loop": true,
"name": "stand",
"speed": 5.0
}, {
"frames": [ ExtResource( 7 ) ],
"loop": true,
"name": "hit2",
"speed": 5.0
}, {
"frames": [  ],
"loop": true,
"name": "combo_2",
"speed": 5.0
}, {
"frames": [  ],
"loop": true,
"name": "combo_3",
"speed": 5.0
}, {
"frames": [ ExtResource( 8 ), ExtResource( 9 ), ExtResource( 10 ), ExtResource( 11 ), ExtResource( 12 ), ExtResource( 2 ) ],
"loop": true,
"name": "run",
"speed": 5.0
}, {
"frames": [ ExtResource( 13 ), ExtResource( 14 ), ExtResource( 15 ), ExtResource( 16 ), ExtResource( 17 ), ExtResource( 18 ) ],
"loop": true,
"name": "combo_1",
"speed": 5.0
}, {
"frames": [  ],
"loop": true,
"name": "fall",
"speed": 5.0
}, {
"frames": [ ExtResource( 19 ) ],
"loop": true,
"name": "knockback",
"speed": 5.0
}, {
"frames": [ ExtResource( 20 ) ],
"loop": true,
"name": "hit",
"speed": 5.0
}, {
"frames": [  ],
"loop": true,
"name": "jump",
"speed": 5.0
} ]
_sections_unfolded = [ "Resource" ]

[sub_resource type="Animation" id=3]

resource_name = "combo1"
length = 0.6
loop = false
step = 0.1
tracks/0/type = "value"
tracks/0/path = NodePath(".:animation")
tracks/0/interp = 1
tracks/0/loop_wrap = true
tracks/0/imported = false
tracks/0/enabled = true
tracks/0/keys = {
"times": PoolRealArray( 0 ),
"transitions": PoolRealArray( 1 ),
"update": 1,
"values": [ "combo_1" ]
}
tracks/1/type = "value"
tracks/1/path = NodePath(".:frame")
tracks/1/interp = 1
tracks/1/loop_wrap = true
tracks/1/imported = false
tracks/1/enabled = true
tracks/1/keys = {
"times": PoolRealArray( 0, 0.2, 0.3, 0.4, 0.5, 0.6 ),
"transitions": PoolRealArray( 1, 1, 1, 1, 1, 1 ),
"update": 1,
"values": [ 0, 1, 2, 3, 4, 5 ]
}
tracks/2/type = "value"
tracks/2/path = NodePath(".:position")
tracks/2/interp = 1
tracks/2/loop_wrap = true
tracks/2/imported = false
tracks/2/enabled = true
tracks/2/keys = {
"times": PoolRealArray( 0 ),
"transitions": PoolRealArray( 1 ),
"update": 1,
"values": [ Vector2( 16, -11 ) ]
}
tracks/3/type = "method"
tracks/3/path = NodePath("../..")
tracks/3/interp = 1
tracks/3/loop_wrap = true
tracks/3/imported = false
tracks/3/enabled = true
tracks/3/keys = {
"times": PoolRealArray( 0.3 ),
"transitions": PoolRealArray( 1 ),
"values": [ {
"args": [ 1 ],
"method": "attack"
} ]
}

[sub_resource type="Animation" id=4]

resource_name = "death"
length = 1.0
loop = false
step = 0.1
tracks/0/type = "value"
tracks/0/path = NodePath(".:animation")
tracks/0/interp = 1
tracks/0/loop_wrap = true
tracks/0/imported = false
tracks/0/enabled = true
tracks/0/keys = {
"times": PoolRealArray( 0 ),
"transitions": PoolRealArray( 1 ),
"update": 1,
"values": [ "stand" ]
}
tracks/1/type = "value"
tracks/1/path = NodePath(".:frame")
tracks/1/interp = 1
tracks/1/loop_wrap = true
tracks/1/imported = false
tracks/1/enabled = true
tracks/1/keys = {
"times": PoolRealArray( 0 ),
"transitions": PoolRealArray( 1 ),
"update": 1,
"values": [ 0 ]
}
tracks/2/type = "value"
tracks/2/path = NodePath(".:position")
tracks/2/interp = 1
tracks/2/loop_wrap = true
tracks/2/imported = false
tracks/2/enabled = true
tracks/2/keys = {
"times": PoolRealArray( 0 ),
"transitions": PoolRealArray( 1 ),
"update": 0,
"values": [ Vector2( 18, -2 ) ]
}
tracks/3/type = "value"
tracks/3/path = NodePath(".:visible")
tracks/3/interp = 1
tracks/3/loop_wrap = true
tracks/3/imported = false
tracks/3/enabled = true
tracks/3/keys = {
"times": PoolRealArray( 0, 0.2, 0.4, 0.6, 0.8, 1 ),
"transitions": PoolRealArray( 1, 1, 1, 1, 1, 1 ),
"update": 1,
"values": [ true, false, true, false, true, false ]
}
tracks/4/type = "method"
tracks/4/path = NodePath("../..")
tracks/4/interp = 1
tracks/4/loop_wrap = true
tracks/4/imported = false
tracks/4/enabled = true
tracks/4/keys = {
"times": PoolRealArray( 1 ),
"transitions": PoolRealArray( 1 ),
"values": [ {
"args": [  ],
"method": "death"
} ]
}

[sub_resource type="Animation" id=5]

resource_name = "hit1"
length = 0.5
loop = false
step = 0.1
tracks/0/type = "value"
tracks/0/path = NodePath(".:animation")
tracks/0/interp = 1
tracks/0/loop_wrap = true
tracks/0/imported = false
tracks/0/enabled = true
tracks/0/keys = {
"times": PoolRealArray( 0 ),
"transitions": PoolRealArray( 1 ),
"update": 1,
"values": [ "hit" ]
}
tracks/1/type = "value"
tracks/1/path = NodePath(".:frame")
tracks/1/interp = 1
tracks/1/loop_wrap = true
tracks/1/imported = false
tracks/1/enabled = true
tracks/1/keys = {
"times": PoolRealArray( 0 ),
"transitions": PoolRealArray( 1 ),
"update": 1,
"values": [ 0 ]
}
tracks/2/type = "value"
tracks/2/path = NodePath(".:position")
tracks/2/interp = 1
tracks/2/loop_wrap = true
tracks/2/imported = false
tracks/2/enabled = true
tracks/2/keys = {
"times": PoolRealArray( 0 ),
"transitions": PoolRealArray( 1 ),
"update": 0,
"values": [ Vector2( 10, -10 ) ]
}
tracks/3/type = "method"
tracks/3/path = NodePath("../..")
tracks/3/interp = 1
tracks/3/loop_wrap = true
tracks/3/imported = false
tracks/3/enabled = true
tracks/3/keys = {
"times": PoolRealArray( 0.5 ),
"transitions": PoolRealArray( 1 ),
"values": [ {
"args": [  ],
"method": "stop_hit"
} ]
}

[sub_resource type="Animation" id=6]

resource_name = "hit2"
length = 0.5
loop = false
step = 0.1
tracks/0/type = "value"
tracks/0/path = NodePath(".:animation")
tracks/0/interp = 1
tracks/0/loop_wrap = true
tracks/0/imported = false
tracks/0/enabled = true
tracks/0/keys = {
"times": PoolRealArray( 0 ),
"transitions": PoolRealArray( 1 ),
"update": 1,
"values": [ "hit2" ]
}
tracks/1/type = "value"
tracks/1/path = NodePath(".:frame")
tracks/1/interp = 1
tracks/1/loop_wrap = true
tracks/1/imported = false
tracks/1/enabled = true
tracks/1/keys = {
"times": PoolRealArray( 0 ),
"transitions": PoolRealArray( 1 ),
"update": 1,
"values": [ 0 ]
}
tracks/2/type = "value"
tracks/2/path = NodePath(".:position")
tracks/2/interp = 1
tracks/2/loop_wrap = true
tracks/2/imported = false
tracks/2/enabled = true
tracks/2/keys = {
"times": PoolRealArray( 0 ),
"transitions": PoolRealArray( 1 ),
"update": 0,
"values": [ Vector2( 10, -10 ) ]
}
tracks/3/type = "method"
tracks/3/path = NodePath("../..")
tracks/3/interp = 1
tracks/3/loop_wrap = true
tracks/3/imported = false
tracks/3/enabled = true
tracks/3/keys = {
"times": PoolRealArray( 0.5 ),
"transitions": PoolRealArray( 1 ),
"values": [ {
"args": [  ],
"method": "stop_hit"
} ]
}

[sub_resource type="Animation" id=7]

length = 2.0
loop = true
step = 0.1
tracks/0/type = "value"
tracks/0/path = NodePath(".:animation")
tracks/0/interp = 1
tracks/0/loop_wrap = true
tracks/0/imported = false
tracks/0/enabled = true
tracks/0/keys = {
"times": PoolRealArray( 0 ),
"transitions": PoolRealArray( 1 ),
"update": 1,
"values": [ "idle" ]
}
tracks/1/type = "value"
tracks/1/path = NodePath(".:frame")
tracks/1/interp = 1
tracks/1/loop_wrap = true
tracks/1/imported = false
tracks/1/enabled = true
tracks/1/keys = {
"times": PoolRealArray( 0 ),
"transitions": PoolRealArray( 1 ),
"update": 0,
"values": [ 0 ]
}
tracks/2/type = "value"
tracks/2/path = NodePath(".:position")
tracks/2/interp = 1
tracks/2/loop_wrap = true
tracks/2/imported = false
tracks/2/enabled = true
tracks/2/keys = {
"times": PoolRealArray( 0 ),
"transitions": PoolRealArray( 1 ),
"update": 0,
"values": [ Vector2( 15, -11 ) ]
}

[sub_resource type="Animation" id=8]

length = 0.4
loop = false
step = 0.1
tracks/0/type = "value"
tracks/0/path = NodePath(".:animation")
tracks/0/interp = 1
tracks/0/loop_wrap = true
tracks/0/imported = false
tracks/0/enabled = true
tracks/0/keys = {
"times": PoolRealArray( 0 ),
"transitions": PoolRealArray( 1 ),
"update": 1,
"values": [ "knockback" ]
}
tracks/1/type = "value"
tracks/1/path = NodePath(".:position")
tracks/1/interp = 1
tracks/1/loop_wrap = true
tracks/1/imported = false
tracks/1/enabled = true
tracks/1/keys = {
"times": PoolRealArray( 0 ),
"transitions": PoolRealArray( 1 ),
"update": 0,
"values": [ Vector2( 17, -11 ) ]
}

[sub_resource type="Animation" id=9]

length = 0.8
loop = true
step = 0.1
tracks/0/type = "value"
tracks/0/path = NodePath(".:animation")
tracks/0/interp = 1
tracks/0/loop_wrap = true
tracks/0/imported = false
tracks/0/enabled = true
tracks/0/keys = {
"times": PoolRealArray( 0 ),
"transitions": PoolRealArray( 1 ),
"update": 1,
"values": [ "run" ]
}
tracks/1/type = "value"
tracks/1/path = NodePath(".:frame")
tracks/1/interp = 1
tracks/1/loop_wrap = true
tracks/1/imported = false
tracks/1/enabled = true
tracks/1/keys = {
"times": PoolRealArray( 0, 0.2, 0.4, 0.6, 0.8 ),
"transitions": PoolRealArray( 1, 1, 1, 1, 1 ),
"update": 1,
"values": [ 0, 1, 2, 3, 4 ]
}
tracks/2/type = "value"
tracks/2/path = NodePath(".:position")
tracks/2/interp = 1
tracks/2/loop_wrap = true
tracks/2/imported = false
tracks/2/enabled = true
tracks/2/keys = {
"times": PoolRealArray( 0 ),
"transitions": PoolRealArray( 1 ),
"update": 1,
"values": [ Vector2( 14, -11 ) ]
}

[sub_resource type="Animation" id=10]

length = 1.0
loop = false
step = 0.1
tracks/0/type = "value"
tracks/0/path = NodePath(".:animation")
tracks/0/interp = 1
tracks/0/loop_wrap = true
tracks/0/imported = false
tracks/0/enabled = true
tracks/0/keys = {
"times": PoolRealArray( 0 ),
"transitions": PoolRealArray( 1 ),
"update": 1,
"values": [ "stand" ]
}
tracks/1/type = "value"
tracks/1/path = NodePath(".:position")
tracks/1/interp = 1
tracks/1/loop_wrap = true
tracks/1/imported = false
tracks/1/enabled = true
tracks/1/keys = {
"times": PoolRealArray( 0 ),
"transitions": PoolRealArray( 1 ),
"update": 1,
"values": [ Vector2( 18, -2 ) ]
}
tracks/2/type = "value"
tracks/2/path = NodePath(".:frame")
tracks/2/interp = 1
tracks/2/loop_wrap = true
tracks/2/imported = false
tracks/2/enabled = true
tracks/2/keys = {
"times": PoolRealArray( 0, 0.5, 0.7, 0.9 ),
"transitions": PoolRealArray( 1, 1, 1, 1 ),
"update": 1,
"values": [ 0, 1, 2, 3 ]
}
tracks/3/type = "method"
tracks/3/path = NodePath("../..")
tracks/3/interp = 1
tracks/3/loop_wrap = true
tracks/3/imported = false
tracks/3/enabled = true
tracks/3/keys = {
"times": PoolRealArray( 1 ),
"transitions": PoolRealArray( 1 ),
"values": [ {
"args": [  ],
"method": "activate"
} ]
}

[sub_resource type="RectangleShape2D" id=11]

custom_solver_bias = 0.0
extents = Vector2( 14.5053, 14.1896 )

[node name="enemy" type="KinematicBody2D" groups=[
"sortable",
"basic_enemy",
]]

position = Vector2( 330, 380 )
input_pickable = false
collision_layer = 4
collision_mask = 1024
collision/safe_margin = 0.08
script = ExtResource( 1 )
_sections_unfolded = [ "Collision", "Transform", "Z Index" ]

[node name="CollisionShape2D" type="CollisionShape2D" parent="." index="0"]

shape = SubResource( 1 )

[node name="container" type="Node2D" parent="." index="1"]

_sections_unfolded = [ "Transform" ]

[node name="EnemySprite" type="AnimatedSprite" parent="container" index="0"]

position = Vector2( 15, -11 )
scale = Vector2( 1.5, 1.5 )
frames = SubResource( 2 )
animation = "idle"
_sections_unfolded = [ "Transform", "Visibility" ]

[node name="EnemyAnim" type="AnimationPlayer" parent="container/EnemySprite" index="0"]

root_node = NodePath("..")
autoplay = "idle"
playback_process_mode = 1
playback_default_blend_time = 0.0
playback_speed = 1.2
anims/combo1 = SubResource( 3 )
anims/death = SubResource( 4 )
anims/hit1 = SubResource( 5 )
anims/hit2 = SubResource( 6 )
anims/idle = SubResource( 7 )
anims/knockback = SubResource( 8 )
anims/move = SubResource( 9 )
anims/stand = SubResource( 10 )
blend_times = [  ]
_sections_unfolded = [ "Playback Options" ]

[node name="hitboxes" type="Node2D" parent="container" index="1"]

[node name="combo1" type="Area2D" parent="container/hitboxes" index="0"]

input_pickable = true
gravity_vec = Vector2( 0, 1 )
gravity = 98.0
linear_damp = 0.1
angular_damp = 1.0
monitoring = false
monitorable = false
audio_bus_override = false
audio_bus_name = "Master"
script = ExtResource( 21 )
_sections_unfolded = [ "Collision", "Visibility" ]

[node name="CollisionShape2D" type="CollisionShape2D" parent="container/hitboxes/combo1" index="0"]

position = Vector2( 62.7372, -17.5622 )
shape = SubResource( 11 )

[node name="Timer" type="Timer" parent="container/hitboxes/combo1" index="1"]

process_mode = 1
wait_time = 0.1
one_shot = true
autostart = false

[node name="BehaviorBlackboard" type="Node" parent="." index="2"]

script = ExtResource( 22 )
__meta__ = {
"_editor_icon": ExtResource( 23 )
}

[node name="BehaviorTree" type="Node" parent="." index="3"]

script = ExtResource( 24 )
__meta__ = {
"_editor_icon": ExtResource( 25 )
}

[node name="BehaviorSelector" type="Node" parent="BehaviorTree" index="0"]

script = ExtResource( 26 )
__meta__ = {
"_editor_icon": ExtResource( 27 )
}

[node name="attackState" type="Node" parent="BehaviorTree/BehaviorSelector" index="0"]

editor/display_folded = true
script = ExtResource( 28 )
__meta__ = {
"_editor_icon": ExtResource( 29 )
}

[node name="isAttackState" type="Node" parent="BehaviorTree/BehaviorSelector/attackState" index="0"]

script = ExtResource( 30 )
__meta__ = {
"_editor_icon": ExtResource( 31 )
}

[node name="attk" type="Node" parent="BehaviorTree/BehaviorSelector/attackState" index="1"]

script = ExtResource( 26 )
__meta__ = {
"_editor_icon": ExtResource( 27 )
}

[node name="move" type="Node" parent="BehaviorTree/BehaviorSelector/attackState/attk" index="0"]

script = ExtResource( 28 )
__meta__ = {
"_editor_icon": ExtResource( 29 )
}

[node name="BehaviorSelector" type="Node" parent="BehaviorTree/BehaviorSelector/attackState/attk/move" index="0"]

script = ExtResource( 26 )
__meta__ = {
"_editor_icon": ExtResource( 27 )
}

[node name="isPlayerInRange2" type="Node" parent="BehaviorTree/BehaviorSelector/attackState/attk/move/BehaviorSelector" index="0"]

script = ExtResource( 32 )
__meta__ = {
"_editor_icon": ExtResource( 31 )
}

[node name="BehaviorInverter" type="Node" parent="BehaviorTree/BehaviorSelector/attackState/attk/move/BehaviorSelector" index="1"]

script = ExtResource( 33 )
__meta__ = {
"_editor_icon": ExtResource( 34 )
}

[node name="isOnTarget2" type="Node" parent="BehaviorTree/BehaviorSelector/attackState/attk/move/BehaviorSelector/BehaviorInverter" index="0"]

script = ExtResource( 35 )
__meta__ = {
"_editor_icon": ExtResource( 31 )
}

[node name="findTarget" type="Node" parent="BehaviorTree/BehaviorSelector/attackState/attk/move/BehaviorSelector" index="2"]

script = ExtResource( 36 )
__meta__ = {
"_editor_icon": ExtResource( 37 )
}

[node name="BehaviorSequence2" type="Node" parent="BehaviorTree/BehaviorSelector/attackState/attk/move" index="1"]

script = ExtResource( 28 )
__meta__ = {
"_editor_icon": ExtResource( 29 )
}

[node name="BehaviorInverter" type="Node" parent="BehaviorTree/BehaviorSelector/attackState/attk/move/BehaviorSequence2" index="0"]

script = ExtResource( 33 )
__meta__ = {
"_editor_icon": ExtResource( 34 )
}

[node name="isOnTarget" type="Node" parent="BehaviorTree/BehaviorSelector/attackState/attk/move/BehaviorSequence2/BehaviorInverter" index="0"]

script = ExtResource( 35 )
__meta__ = {
"_editor_icon": ExtResource( 31 )
}

[node name="moveAction" type="Node" parent="BehaviorTree/BehaviorSelector/attackState/attk/move/BehaviorSequence2" index="1"]

script = ExtResource( 38 )
__meta__ = {
"_editor_icon": ExtResource( 37 )
}

[node name="attack" type="Node" parent="BehaviorTree/BehaviorSelector/attackState/attk" index="1"]

script = ExtResource( 28 )
__meta__ = {
"_editor_icon": ExtResource( 29 )
}

[node name="isPlayerInRange" type="Node" parent="BehaviorTree/BehaviorSelector/attackState/attk/attack" index="0"]

script = ExtResource( 32 )
__meta__ = {
"_editor_icon": ExtResource( 31 )
}

[node name="canAttack" type="Node" parent="BehaviorTree/BehaviorSelector/attackState/attk/attack" index="1"]

script = ExtResource( 39 )
__meta__ = {
"_editor_icon": ExtResource( 31 )
}

[node name="setMirroring" type="Node" parent="BehaviorTree/BehaviorSelector/attackState/attk/attack" index="2"]

script = ExtResource( 40 )
__meta__ = {
"_editor_icon": ExtResource( 37 )
}

[node name="attackAction" type="Node" parent="BehaviorTree/BehaviorSelector/attackState/attk/attack" index="3"]

script = ExtResource( 41 )
_sections_unfolded = [ "Pause" ]
__meta__ = {
"_editor_icon": ExtResource( 37 )
}

[node name="ChangeState2" type="Node" parent="BehaviorTree/BehaviorSelector/attackState/attk/attack" index="4"]

script = ExtResource( 42 )
__meta__ = {
"_editor_icon": ExtResource( 31 )
}

[node name="randomMoveState" type="Node" parent="BehaviorTree/BehaviorSelector" index="1"]

script = ExtResource( 28 )
__meta__ = {
"_editor_icon": ExtResource( 29 )
}

[node name="isRandomMoveState" type="Node" parent="BehaviorTree/BehaviorSelector/randomMoveState" index="0"]

script = ExtResource( 43 )
__meta__ = {
"_editor_icon": ExtResource( 31 )
}

[node name="BehaviorSelector" type="Node" parent="BehaviorTree/BehaviorSelector/randomMoveState" index="1"]

script = ExtResource( 26 )
__meta__ = {
"_editor_icon": ExtResource( 27 )
}

[node name="randomMove" type="Node" parent="BehaviorTree/BehaviorSelector/randomMoveState/BehaviorSelector" index="0"]

script = ExtResource( 28 )
__meta__ = {
"_editor_icon": ExtResource( 29 )
}

[node name="BehaviorSelector" type="Node" parent="BehaviorTree/BehaviorSelector/randomMoveState/BehaviorSelector/randomMove" index="0"]

script = ExtResource( 26 )
__meta__ = {
"_editor_icon": ExtResource( 27 )
}

[node name="BehaviorInverter" type="Node" parent="BehaviorTree/BehaviorSelector/randomMoveState/BehaviorSelector/randomMove/BehaviorSelector" index="0"]

script = ExtResource( 33 )
__meta__ = {
"_editor_icon": ExtResource( 34 )
}

[node name="isOnTarget" type="Node" parent="BehaviorTree/BehaviorSelector/randomMoveState/BehaviorSelector/randomMove/BehaviorSelector/BehaviorInverter" index="0"]

script = ExtResource( 35 )
__meta__ = {
"_editor_icon": ExtResource( 31 )
}

[node name="BehaviorSequence" type="Node" parent="BehaviorTree/BehaviorSelector/randomMoveState/BehaviorSelector/randomMove/BehaviorSelector" index="1"]

script = ExtResource( 28 )
__meta__ = {
"_editor_icon": ExtResource( 29 )
}

[node name="BehaviorWait2" type="Node" parent="BehaviorTree/BehaviorSelector/randomMoveState/BehaviorSelector/randomMove/BehaviorSelector/BehaviorSequence" index="0"]

script = ExtResource( 44 )
__meta__ = {
"_editor_icon": ExtResource( 37 )
}
wait_time = 1.0

[node name="ChangeState" type="Node" parent="BehaviorTree/BehaviorSelector/randomMoveState/BehaviorSelector/randomMove/BehaviorSelector/BehaviorSequence" index="1"]

script = ExtResource( 42 )
__meta__ = {
"_editor_icon": ExtResource( 31 )
}

[node name="findRandomTarget" type="Node" parent="BehaviorTree/BehaviorSelector/randomMoveState/BehaviorSelector/randomMove/BehaviorSelector/BehaviorSequence" index="2"]

script = ExtResource( 45 )
__meta__ = {
"_editor_icon": ExtResource( 37 )
}

[node name="BehaviorInverter" type="Node" parent="BehaviorTree/BehaviorSelector/randomMoveState/BehaviorSelector/randomMove" index="1"]

editor/display_folded = true
script = ExtResource( 33 )
__meta__ = {
"_editor_icon": ExtResource( 34 )
}

[node name="isOnTarget" type="Node" parent="BehaviorTree/BehaviorSelector/randomMoveState/BehaviorSelector/randomMove/BehaviorInverter" index="0"]

script = ExtResource( 35 )
__meta__ = {
"_editor_icon": ExtResource( 31 )
}

[node name="moveAction" type="Node" parent="BehaviorTree/BehaviorSelector/randomMoveState/BehaviorSelector/randomMove" index="2"]

script = ExtResource( 38 )
__meta__ = {
"_editor_icon": ExtResource( 37 )
}

[node name="Timer" type="Timer" parent="." index="4"]

process_mode = 1
wait_time = 0.5
one_shot = false
autostart = false

[connection signal="body_entered" from="container/hitboxes/combo1" to="container/hitboxes/combo1" method="_on_hitbox_body_entered"]

[connection signal="timeout" from="container/hitboxes/combo1/Timer" to="container/hitboxes/combo1" method="_on_Timer_timeout"]


